1442 2199
148 134 194 168 24
463 130 668 163 EUTROI’I
696 130 948 162 BREVIARII
974 130 1021 162 II.

146 238 184 276 in
233 244 470 288 potestatem
520 239 704 275 Afrorum
753 238 935 285 venisset,
987 239 1207 277 Romanum
1257 252 1340 278 esse

145 311 325 374 Olgzfflfflffii
345 302 501 341 desisse.
562 302 701 352 Itaque
735 307 774 341 et
802 316 966 341 uxorem
996 316 1018 340 a
1047 302 1253 353 complexu
1285 315 1341 341 re-

73 384 133 415 520
172 384 222 403 m.
239 379 298 406 255.
344 367 470 405 movit
495 371 534 405 et
558 367 712 404 senatui
739 367 875 413 suasit,
903 380 951 405 ne
981 380 1057 417 pax
1083 380 1172 405 cum
1200 366 1341 405 Poenis

146 433 278 470 fieret:
318 432 405 470 illos
439 432 543 470 enim
578 432 722 469 fractos
762 437 823 470 tot
853 432 1007 469 casibus
1045 445 1154 482 spem
1191 431 1342 470 nullam

145 496 313 545 habcre3
347 510 387 535 se
416 496 519 534 tanti
548 509 627 534 non
657 509 750 542 esse,
782 502 828 534 ut
858 502 919 535 tot
952 496 1061 534 milia
1094 496 1341 547 captivorum

144 566 307 611 propter
325 574 448 599 unum
473 574 512 599 se
537 566 577 598 et
596 574 729 599 senem
757 566 798 599 et
817 574 972 611 paucos,
995 561 1062 611 qui
1083 574 1132 599 ex
1153 560 1342 599 Romanis

145 627 249 677 capti
280 626 448 673 fuerant,
485 625 757 664 redderentur.
823 625 962 676 Itaque
995 625 1181 664 obtinuit.
1237 625 1341 664 Nam

71 708 130 741 325
146 692 262 729 Afros
290 704 425 742 pacem
454 696 635 741 petentes
655 689 788 728 nullus
819 690 990 728 admisit.
1061 689 1150 740 Ipse
1180 689 1343 729 Cartha-

143 756 275 807 ginem
291 756 420 802 rediit,
443 755 775 805 offerentibusque
796 754 997 802 Romanis,
1018 760 1064 793 ut
1083 767 1173 792 eum
1193 754 1342 793 Romae

145 820 532 873 tenerent,'negavit
564 833 604 858 se
638 820 678 858 in
711 832 756 858 ea
784 819 880 857 urbe
914 832 1154 866 mansurum,
1191 819 1232 857 in
1265 832 1342 870 qua

144 890 354 937 postquam
395 885 504 923 Afris
542 884 742 931 servierat,
778 883 1014 934 dignitatem
1054 883 1208 922 honesti
1246 883 1342 922 civis

144 951 288 989 habere
330 963 408 988 non
451 955 594 1000 posset.
662 948 878 999 Regressus
915 949 1036 999 igitur
1073 948 1123 986 ad
1164 947 1342 987 Africam

71 1033 86 1064 5
91 1033 132 1063 30
145 1015 326 1054 omnibus
347 1013 547 1064 suppliciis
568 1013 787 1051 exstinctus
808 1018 877 1051 est.

197 1079 275 1120 26.
308 1078 349 1116 Ρ.
367 1078 534 1118 Claudio
550 1077 692 1116 Pulcro
707 1078 749 1116 L.
766 1077 793 1116 J
797 1077 889 1116 unio
905 1077 1132 1116 consulibus
1152 1077 1341 1117 Claudius

144 1150 280 1183 contra
295 1144 469 1194 auspicia
487 1142 681 1193 pugnavit
701 1147 741 1180 et
761 1155 783 1180 a
803 1141 1197 1193 Carthaginiensibus
1213 1142 1341 1181 victus

145 1215 213 1248 est.
264 1209 368 1246 Nam
388 1222 436 1246 ex
457 1207 640 1245 ducentis
660 1212 699 1245 et
714 1207 859 1258 viginti
878 1206 1047 1244 navibus
1067 1220 1156 1245 cum
1175 1207 1342 1257 triginta

145 1274 258 1325 fugit,
289 1273 507 1324 nonaginta
541 1285 629 1310 cum
663 1271 949 1322 pugnatoribus
978 1277 1114 1322 captae
1143 1277 1247 1319 sunt,
1277 1271 1341 1310 de-

70 1355 130 1388 535
144 1352 292 1378 mersae
340 1344 500 1377 ceterae.
587 1336 702 1375 Alius
749 1349 906 1387 quoque
953 1336 1088 1374 consul
1135 1336 1340 1386 naufragio

144 1404 306 1442 classem
353 1402 496 1449 amisit,
545 1401 762 1440 exercitum
810 1407 941 1439 tamen
989 1400 1142 1438 salvum
1188 1400 1338 1447 habuit,

143 1469 236 1519 quia
265 1467 393 1506 vicina
426 1467 543 1505 litora
573 1473 695 1504 erant.

197 1533 269 1575 27.
293 1532 349 1573 A.
381 1531 421 1570 C.
442 1531 604 1569 Lutatio
626 1530 768 1569 Catulo
788 1531 836 1568 A.
860 1530 1066 1568 Postumio
1086 1529 1232 1567 Albino
1252 1542 1340 1568 con-

178 1621 290 1645 Roman
344 1596 504 1641 sufibus,
527 1608 630 1633 anno
656 1594 750 1633 belli
777 1594 916 1632 Punici
943 1593 1129 1632 vicesimo
1155 1599 1195 1632 et
1220 1593 1339 1632 tertio

69 1680 130 1710 540
177 1655 290 1712 “1235
343 1660 486 1699 Catulo
513 1660 660 1698 bellum
687 1664 823 1698 contra
849 1659 967 1697 Afros
990 1658 1238 1697 commissum
1265 1664 1335 1697 est.

143 1721 325 1752 Li¹5b²¹⁰¹¹m
344 1725 548 1763 Profectus
575 1730 634 1763 est
653 1737 742 1763 cum
770 1723 955 1762 trecentis
982 1715 1148 1761 navibus
1176 1723 1218 1761 in
1247 1723 1338 1761 Sici-

142 1790 261 1829 liam:
302 1790 389 1827 Afri
419 1795 557 1827 contra
590 1789 718 1839 ipsum
748 1787 1057 1838 quadringentas
1085 1793 1335 1838 paraverunt.

142 1855 357 1904 Nunquam
382 1854 422 1891 in
443 1853 540 1891 mari
561 1853 683 1891 tantis
703 1852 824 1903 copiis
844 1857 1065 1902 pugnatum
1091 1859 1162 1890 est.
1219 1850 1338 1890 Luta-

141 1920 219 1957 tius
246 1918 410 1957 Catulus
437 1931 574 1956 navem
602 1930 716 1968 aeger
742 1916 945 1963 ascendit3
975 1915 1204 1954 vulneratus
1231 1916 1334 1954 enim

66 1985 182 2033 545in
234 1996 368 2034 pugna
413 1982 613 2032 superiore
660 1981 800 2019 fuerat.
886 1980 1035 2019 Contra
1088 1979 1334 2030 Lilybaeum,
