1442 2199
402 118 607 151 EUTROl’I
637 118 889 149 BREVIARII
915 118 961 149 ΙΙ.
1228 120 1276 155 23

84 226 185 265 circa
211 227 384 265 Siciliam
409 226 658 277 naufragium
683 226 786 276 passi
813 232 913 263 sunt.
975 226 1026 264 Et
1050 229 1163 263 tanta
1186 230 1281 263 tcm-
1294 239 1358 270 490

84 296 216 341 postas
250 292 336 338 fuit,
368 297 414 329 ut
442 305 491 329 ex
521 290 820 341 quadringentis
855 290 1061 340 sexaginta
1094 294 1282 340 quattuor

83 355 250 394 navibus
284 361 440 394 tantum
475 355 676 406 octoginta
707 355 853 393 servari
886 355 1115 405 potuerint,
1155 367 1282 405 neque

84 419 164 458 ullo
197 425 375 470 tempore
409 424 521 458 tanta
555 419 754 458 maritima
787 424 1000 469 tempestas
1035 418 1170 457 audita
1208 424 1277 458 est.

83 484 251 523 Romani
285 489 417 523 tamen
452 484 588 522 statim
618 484 808 522 ducentas
837 497 956 522 naves
983 488 1279 534 reparaverunt,

82 562 210 599 neque
233 549 274 587 in
301 549 433 600 aliquo
453 549 607 587 animus
628 548 689 587 his
709 549 900 586 infractus
922 548 1007 586 fuit.
1293 562 1355 594 495

138 613 216 655 23.
248 614 318 652 On.
356 614 546 652 Servilius
581 613 727 664 Caepio
757 614 796 652 O.
832 613 1089 663 Sempronius
1118 613 1282 651 Blaesus

83 678 261 717 consules
284 692 372 717 cum
399 678 580 717 ducentis
607 678 813 728 sexaginta
838 678 1004 716 navibus
1030 678 1080 716 ad
1122 700 1265 724 Reverses

83 743 257 781 Africam
300 743 465 793 profecti
511 748 614 781 sunt.
688 742 853 792 Aliquot
899 742 1080 780 civitates
1101 733 1281 798 Roffiatffby

82 812 284 858 ceperunt.
358 807 551 845 Praedam
598 808 801 858 ingentem
848 806 1080 845 reducentes
1165 807 1222 825 sea·

83 871 329 922 naufragium
354 872 458 922 passi
487 877 591 910 sunt.
661 872 800 922 Itaque
827 885 916 910 cum
946 871 1157 910 continuae
1184 869 1280 908 cala·
1295 885 1355 918 500

82 936 241 974 mitates
281 936 468 974 Romanis
508 936 772 986 displicerent,
814 935 990 974 decrevit
1027 940 1198 982 senatus,
1234 938 1280 972 ut

82 1014 105 1039 a
129 1001 338 1039 maritimis
365 1000 524 1051 proeliis
551 1000 799 1039 recederetur
825 1006 864 1038 et
891 1005 1046 1038 tantum
1075 999 1281 1050 sexaginta

82 1078 202 1104 naves
223 1065 272 1104 ad
293 1065 533 1116 praesidium
553 1065 694 1103 Italiae
715 1065 845 1104 salvae
866 1070 1005 1103 essent.

136 1129 214 1171 24.
246 1130 289 1168 L.
313 1129 482 1168 Caecilio
498 1129 662 1168 Metello
679 1129 720 1168 O.
739 1129 859 1168 Furio
876 1129 1036 1168 Placido
1053 1129 1279 1168 consulibus

84 1194 268 1233 Metellus
314 1195 356 1233 in
405 1194 538 1233 Sicilia
579 1195 768 1233 Afrorum
811 1194 951 1233 ducem
989 1208 1078 1233 cum
1121 1199 1279 1232 centum
1294 1208 1353 1241 505

83 1259 248 1311 triginta
271 1259 490 1310 elephantis
517 1264 556 1297 et
582 1260 734 1310 magnis
761 1259 883 1308 copiis
904 1259 1129 1297 venientem
1150 1272 1282 1309 super-

83 1324 176 1371 avit,
217 1323 362 1374 viginti
401 1324 510 1362 milia
548 1324 723 1362 hostium
761 1324 912 1370 cecidit,
953 1337 1022 1362 sex
1060 1330 1100 1362 et
1136 1324 1280 1374 viginti

83 1388 314 1439 elephantos
334 1389 448 1438 cepit,
471 1389 641 1438 reliquos
662 1394 838 1427 errantes
858 1402 927 1439 per
953 1389 1162 1435 Numidas,
1183 1402 1281 1438 quos

84 1453 124 1490 in
163 1452 357 1490 auxilium
395 1453 578 1499 habebat,
623 1453 781 1503 collegit
819 1459 858 1491 et
906 1454 1073 1491 Romam
1111 1453 1281 1491 deduxit

83 1517 237 1568 ingenti
270 1531 425 1567 pompa,
462 1531 549 1555 cum
588 1523 747 1555 centum
781 1518 946 1567 triginta
979 1517 1279 1567 elephantorum
1295 1531 1356 1565 510

84 1594 269 1619 numerus
290 1582 421 1619 omnia
441 1582 584 1619 itinera
603 1582 828 1632 compleret.

138 1645 234 1684 Post
261 1645 357 1684 haec
385 1646 489 1684 mala
523 1646 866 1696 Carthaginienses
901 1646 1097 1696 Regulum
1126 1646 1278 1694 ducem,

85 1724 201 1761 quem
227 1716 421 1760 ceperant,
445 1711 684 1760 petiverunt,
707 1716 752 1748 ut
768 1711 934 1749 Romam
956 1711 1278 1760 proficisceretur,

86 1780 125 1812 et
163 1788 297 1825 pacem
336 1789 358 1813 a
396 1775 585 1813 Romanis
625 1775 835 1821 obtineret,
870 1789 914 1813 ac
947 1775 1281 1825 permutationem

85 1839 331 1889 captivorum
350 1840 505 1877 faceret.
1296 1854 1356 1888 515

139 1903 216 1944 25.
249 1903 321 1942 Ille
342 1904 508 1942 Romam
525 1917 612 1942 cum
629 1904 812 1950 venisset,
831 1904 1016 1942 inductus
1031 1904 1072 1942 in
1089 1909 1280 1951 senatum,

87 1967 185 2005 nihil
212 1968 323 2018 quasi
346 1968 548 2006 Romanus
575 1968 667 2019 egit,
689 1968 872 2018 dixitque
892 1981 932 2006 se
953 1981 1003 2006 ex
1020 1968 1088 2006 illa
1109 1968 1182 2015 die,
1206 1982 1284 2018 qua
