1442 2199
328 100 536 132 EUTROPI
561 100 815 131 BREVIARII
841 100 866 130 I.
897 99 954 130 ΕΤ
980 98 1026 129 II.
1230 97 1272 133 11

84 206 276 245 laverunt.
346 207 530 246 Dictator
562 213 697 246 contra
730 207 835 258 ipsos
868 206 1009 244 missus
1044 210 1103 242 est
1136 202 1279 241 Furius

85 270 284 319 Camillus,
320 272 387 323 qui
424 272 597 323 primum
635 286 701 310 eos
734 272 830 310 vicit
862 271 954 318 acie,
988 283 1082 308 mox
1132 275 1353 335 fflffiltlgrszss

85 336 204 374 etiam
231 337 432 375 civitatem
460 337 528 375 diu
555 337 751 383 obsidens,
774 337 878 387 cepit
901 341 941 375 et
961 334 1079 373 Falis-
1142 343 1269 370 13.c.405.

85 413 158 447 cos,
181 414 259 439 non
284 401 415 440 minus
438 401 610 440 nobilem
634 402 847 440 civitatem.
907 400 986 439 Sed
1006 402 1201 438 commota
1221 400 1281 434 est

85 465 120 503 ei
149 465 310 513 invidia,
341 467 451 517 quasi
481 466 668 517 praedam
692 466 792 504 male
816 466 1027 509 divisisset,
1056 463 1281 500 damnatus-

85 543 161 580 que
196 531 245 569 ob
279 544 364 569 eam
399 544 554 569 causam
593 536 633 570 et
666 530 853 582 expulsus
891 530 1063 568 civitate.
1135 525 1279 564 Statim

85 594 189 633 Galli
217 595 391 634 Senones
417 596 467 634 ad
489 596 624 634 urbem
645 601 840 634 venerunt
864 600 903 634 et
929 595 1055 632 victos
1081 592 1280 630 Romanos
1295 605 1356 627 221:

86 659 294 699 undecimo
337 660 506 699 miliario
549 674 571 698 a
614 660 740 698 Roma
787 659 891 710 apud
934 659 1080 697 flumen
1157 684 1248 708 Rome

86 724 232 763 Alliam
271 725 395 763 secuti
434 725 553 763 etiam
595 725 733 763 urbem
776 729 1078 775 occupaverunt.
1116 716 1279 776 ῒζῖξξζζίζ,

86 788 136 830 Β.
167 789 308 840 Neque
329 790 488 828 defendi
508 790 718 840 quicquam
739 790 814 828 nisi
839 790 1080 841 Capitolium
1136 790 1188 809 ¹³·0·
1203 784 1262 811 3⁹⁰·

86 854 242 904 potuit:
280 854 387 905 quod
421 868 509 893 cum
547 854 616 892 diu
650 854 896 893 obsedissent
929 860 968 894 et
997 856 1081 905 jam
1112 854 1281 893 Romani

85 919 189 957 fame
214 919 450 967 laborarent,
466 925 625 970 accepto
645 933 751 967 auro,
770 933 819 958 ne
846 919 1090 970 Capitolium
1111 919 1281 959 obsider-
1296 927 1355 959 225

86 990 164 1029 ent,
180 990 433 1022 recesserunt.
486 984 563 1022 Sed
584 997 606 1022 a
627 984 805 1031 Camillo,
822 985 889 1035 qui
910 985 950 1022 in
972 985 1101 1023 vicina
1121 985 1281 1023 civitate

86 1047 282 1096 exulabat,
305 1048 430 1087 Gallis
456 1055 738 1099 superventum
765 1054 834 1095 est,
856 1049 1164 1100 gravissimeque
1187 1048 1281 1086 vieti

86 1117 190 1151 sunt.
245 1112 389 1151 Postea
417 1118 549 1151 tamen
580 1113 698 1151 etiam
728 1119 885 1151 secutus
915 1127 980 1152 eos
1009 1113 1198 1153 Camillus
1226 1113 1283 1150 ita

86 1177 236 1225 cecidit,
255 1183 301 1215 ut
324 1184 364 1215 et
383 1191 534 1224 aurum,
553 1177 659 1228 quod
679 1178 739 1215 his
760 1178 896 1217 datum
919 1179 1058 1225 fuerat,
1077 1183 1117 1217 et
1136 1177 1280 1222 omnia,

85 1255 185 1292 quae
214 1247 408 1292 ceperant,
439 1242 623 1280 militaria
654 1242 766 1293 signa
794 1249 1005 1282 revocaret.
1072 1243 1137 1281 Ita
1164 1242 1282 1280 tertio
1296 1259 1357 1290 230

86 1306 335 1357 triumphans
351 1307 488 1345 urbem
504 1307 701 1357 ingressus
718 1312 776 1345 est
792 1313 832 1346 et
846 1308 1067 1358 appellatus
1087 1307 1281 1347 secundus

86 1370 290 1417 Romulus,
314 1371 425 1421 quasi
446 1376 486 1410 et
505 1372 588 1422 ipse
608 1372 759 1422 patriae
780 1373 971 1412 conditor.

432 1598 595 1636 LIBER
633 1596 938 1636 SECUNDUS.

142 1696 175 1736 1.
207 1696 325 1733 Anno
354 1695 630 1733 trecentesimo
660 1695 901 1745 sexagesimo
932 1695 1072 1745 quinto
1101 1695 1150 1732 ab
1184 1695 1280 1733 urbe

87 1760 258 1807 condita,
279 1765 367 1810 post
383 1765 537 1810 captam
557 1765 690 1798 autem
711 1760 848 1809 primo,
867 1759 1079 1810 dignitates
1125 1783 1248 1808 Tribuni

87 1830 263 1863 mutatae
283 1830 386 1873 sunt,
410 1830 450 1862 et
468 1838 539 1875 pro
563 1825 718 1863 duobus
743 1824 967 1862 consulibus
986 1825 1079 1863 facti
1108 1817 1354 1882 ,4313323235

88 1889 239 1927 tribuni
268 1889 458 1928 militares
487 1889 680 1928 consulari
710 1894 920 1940 potestate.
979 1890 1082 1928 Hinc
1134 1885 1258 1912 ¹³·C·3⁸⁹·

88 1953 169 2004 jam
198 1953 326 2004 coepit
354 1954 533 1992 Romana
560 1967 622 1992 res
650 1967 830 1992 crescere.
889 1954 993 1992 Nam
1021 1955 1210 1994 Camillus
1236 1968 1281 1994 eo
