1442 2199
441 97 982 130 EUTROPIBREViARH.L
1290 99 1311 135 9

172 205 239 246 14.
271 206 462 256 Sequenti
485 219 589 244 anno
613 205 746 244 Volsci
775 210 911 243 contra
937 205 1136 243 Romanos
1164 204 1311 243 bellum

116 277 409 320 reparavciuut,
439 275 478 308 et
507 270 602 308 victi
632 270 712 309 acie
741 270 861 308 etiam
890 269 1068 309 Coriolos
1097 270 1309 316 civitatem,

116 347 233 384 quam
254 335 453 374 habebant
473 335 676 386 optimam,
698 334 969 385 perdiderunt.
1330 343 1388 374 160

171 399 228 440 15
271 399 421 439 Octavo
459 399 612 438 decimo
655 413 758 438 anno
798 404 1007 450 postquam
1049 412 1160 450 reges
1198 398 1311 448 ejecti

115 469 238 512 erant,
279 464 466 514 expulsus
505 478 554 503 ex
592 465 687 503 urbe
727 464 769 503 O.
806 464 990 510 Marcius,
1027 463 1110 502 dux
1141 472 1311 498 Coriolanus

115 528 327 577 Romanus,
363 529 431 580 qui
465 528 642 568 Coriolos
675 534 841 579 ceperat,
875 529 1109 567 Volscorum
1161 506 1284 565 3341?

114 594 327 642 civitatem,
349 594 398 632 ad
419 595 523 645 ipsos
544 594 706 633 Volscos
727 594 933 633 contendit
955 594 1080 632 iratus
1103 599 1144 632 et
1163 593 1312 632 auxilia

114 665 250 697 contra
270 659 469 697 Romanos
488 659 649 710 accepit.
704 659 903 697 Romanos
924 672 1038 709 saepe
1060 658 1163 705 vicit,
1187 671 1310 708 usque
1327 667 1385 708 165

113 723 163 761 ad
197 724 380 774 quintum
413 723 627 762 miliarium
662 724 769 762 urbis
804 723 978 771 accessit,
1009 728 1310 775 oppugnaturus

113 788 231 826 etiam
255 789 424 839 patriam
451 802 573 835 suam,
595 788 745 839 legatis,
768 789 837 839 qui
864 802 998 839 pacem
1026 788 1225 839 petebant,
1255 802 1311 827 re-

112 852 298 903 pudiatis,
316 853 391 891 nisi
412 853 461 891 ad
482 866 572 892 eum
592 858 718 891 mater
734 853 899 892 Veturia
919 858 959 891 et
979 866 1080 891 uxor
1095 853 1310 891 Volumnia

113 930 162 955 ex
209 918 305 956 urbe
347 917 558 965 venissent,
598 931 766 968 quarum
809 918 904 956 fietu
951 922 991 956 et
1033 918 1309 968 deprecatione

113 987 331 1032 superatus,
362 983 531 1021 removit
565 983 793 1021 exercitum.
851 983 985 1033 Atque
1019 982 1081 1021 hic
1115 982 1384 1029 secundus170

112 1053 202 1096 post
230 1047 488 1098 Tarquinium
516 1048 603 1095 fuit,
633 1047 699 1098 qui
726 1047 809 1085 (lux
838 1053 975 1086 contra
1004 1047 1172 1097 patriam
1197 1061 1304 1086 suani

112 1116 224 1149 esset.

167 1176 236 1217 16.
268 1176 310 1215 O.
346 1176 469 1215 Fabio
508 1182 548 1215 et
585 1177 626 1215 L.
665 1177 847 1227 Virginio
881 1176 1107 1215 consulibus
1140 1180 1306 1216 trecenti

111 1241 261 1279 nobiles
286 1241 476 1289 homines,
500 1242 568 1292 qui
592 1254 642 1280 ex
664 1241 788 1279 Fabia
810 1241 960 1279 familia
983 1246 1105 1287 erant,
1157 1250 1220 1308 wax}
1234 1251 1306 1289 with

111 1310 247 1344 contra
292 1305 481 1344 Veientes
528 1306 675 1344 bellum
723 1306 796 1344 soli
839 1312 1104 1356 susceperunt,
1163 1291 1286 1346 aoeiiia.
1323 1322 1380 1354 175

112 1370 389 1421 promittentes
424 1371 578 1409 senatui
609 1377 649 1409 et
679 1370 826 1421 populo
858 1384 929 1420 per
961 1384 1001 1409 se
1034 1384 1149 1409 omne
1188 1376 1307 1409 certa-

111 1448 200 1473 men
224 1435 478 1486 implendum.
539 1435 679 1486 Itaque
713 1435 889 1486 profecti,
923 1449 1056 1474 omnes
1085 1435 1237 1474 nobiles
1266 1441 1306 1474 et

111 1500 179 1550 qui
217 1500 361 1551 singuli
399 1513 630 1551 magnorum
669 1500 913 1539 exercituum
959 1500 1077 1538 duces
1119 1513 1203 1538 esse
1243 1500 1308 1539 (le—

110 1565 259 1612 berent,
288 1565 328 1602 in
355 1564 504 1615 proelio
530 1564 797 1603 conciderunt.
856 1565 972 1603 Unus
996 1565 1156 1603 omnino
1177 1578 1306 1614 super—

109 1629 186 1666 fuit
217 1642 266 1666 ex
294 1634 408 1667 tanta
436 1629 593 1677 familia,
626 1629 693 1680 qui
722 1635 885 1680 propter
914 1634 1083 1668 aetatem
1114 1630 1303 1680 puerilem
1322 1637 1381 1668 180

110 1692 200 1731 duci
233 1706 312 1731 non
346 1698 531 1743 potuerat
564 1693 614 1731 ad
647 1706 832 1744 pugnam.
905 1694 1001 1731 Post
1033 1693 1128 1732 haec
1167 1707 1304 1732 census

109 1757 150 1795 in
183 1758 281 1796 urbe
314 1758 473 1796 habitus
507 1763 578 1806 est,
611 1764 650 1796 et
678 1759 842 1796 inventa
876 1764 969 1796 sunt
998 1757 1142 1796 civium
1176 1759 1306 1809 capita

110 1827 269 1860 centum
312 1827 352 1860 et
394 1822 671 1873 septemdecim
721 1822 830 1860 milia-
876 1827 1054 1861 trecenta
1100 1827 1140 1862 et
1186 1823 1306 1861 unde-

110 1887 262 1938 viginti.

165 1950 228 1994 17.
261 1951 450 2002 Sequenti
471 1956 604 1990 tamen
625 1964 728 1990 anno
749 1965 835 1990 cum
861 1952 901 1989 in
927 1952 1073 2003 Algido
1097 1957 1231 1991 monte
1255 1953 1303 1990 ab
1321 1959 1378 2000 185
