1442 2199
405 98 614 131 EUTROPI
639 97 893 130 BREVIARH
921 97 968 130 ΙΙ.
1236 99 1282 133 15

86 205 232 256 oppida
278 205 392 256 cepit.
469 205 623 244 Deinde
671 205 714 245 P.
755 205 962 244 Cornelius
1010 204 1177 242 Rufinus
1216 203 1281 242 Μ’.

86 268 229 308 Curius
268 270 476 317 Dentatus,
518 271 634 308 ambo
679 269 868 316 consules,
909 275 1046 308 contra
1084 268 1282 307 Samnitas

87 334 193 372 missi
220 335 448 385 ingentibus
475 335 634 385 procliis
659 348 724 373 cos
745 335 954 373 confecere.
994 334 1113 372 ’Tum
1133 333 1281 372 bellum

86 411 173 436 cum
194 399 439 438 Samnitibus
459 413 529 450 per
549 413 672 438 annos
698 399 961 450 quadraginta
986 412 1130 437 novem
1151 403 1280 436 actum
1297 415 1355 448 325

85 463 340 502 sustulerunt.
414 463 554 514 Neque
583 464 688 502 ullus
718 464 843 502 hostis
871 464 946 502 fuit
977 463 1082 501 intra
1110 463 1280 509 Italiam,

85 528 153 578 qui
174 528 393 566 Romanam
414 529 604 567 virtutem
624 529 748 579 magis
768 528 1005 579 fatigaverit.

140 592 208 634 10.
250 593 475 643 Interjectis
507 593 660 644 aliquot
688 593 801 631 annis
831 594 977 631 iterum
1008 605 1047 631 se
1076 592 1280 631 Gallorum

84 658 218 708 copiae
246 663 384 697 contra
417 658 616 696 Romanos
649 658 786 696 Tuscis
816 658 1138 708 Samnitibusque
1167 658 1282 708 junx-

84 726 209 769 erunt,
246 722 314 761 sed
351 736 439 761 cum
477 723 645 761 Romam
678 723 899 768 tenderent,
935 735 958 760 a
990 722 1061 761 Cn.
1098 722 1280 761 Cornelio
1295 732 1356 764 330

83 786 290 826 Dolabella
309 787 468 826 consule
490 787 643 826 deletae
664 792 766 825 sunt.

138 851 196 892 11.
220 851 275 892 A.
306 851 457 890 Eodem
500 856 677 902 tempore
716 851 954 898 Tarentinis,
995 851 1064 901 qui
1110 851 1191 902 jam
1238 851 1278 889 in

84 915 224 954 ultima
243 916 361 954 Italia
380 922 483 964 sunt,
506 917 653 955 bellum
677 916 871 954 indictum
895 921 966 964 est,
988 916 1081 966 quia
1128 924 1280 982 {arsuth

82 979 222 1031 legatis
251 980 522 1019 Romanorum
555 981 743 1031 injuriam
771 981 964 1019 fecissent.
1025 980 1080 1018 Hi
1141 965 1268 1019 affligi.

83 1044 264 1094 Pyrrum,
299 1046 410 1095 Epiri
443 1058 586 1097 regem,
618 1050 755 1084 contra
789 1045 988 1084 Romanos
1017 1045 1059 1082 in
1088 1044 1278 1082 auxilium
1293 1054 1352 1086 335

81 1116 355 1159 poposcerunt,
374 1111 442 1160 qui
463 1124 513 1148 ex
527 1124 670 1161 genere
687 1110 854 1148 Achillis
870 1110 1062 1161 originem
1082 1109 1275 1147 trahebat.

82 1173 121 1212 Is
136 1187 229 1212 mox
244 1174 294 1213 ad
310 1174 467 1213 Italiam
483 1177 603 1222 venit,
622 1180 786 1225 tumque
807 1175 979 1226 primum
999 1174 1170 1213 Romani
1189 1187 1277 1212 cum

82 1239 346 1277 transmarino
374 1239 487 1278 hoste
517 1240 817 1278 dimicaverunt.
877 1240 1023 1277 Missus
1054 1244 1113 1277 est
1142 1244 1279 1277 contra

82 1316 173 1341 eum
202 1303 337 1342 consul
365 1304 408 1342 P.
440 1304 621 1342 Valerius
650 1304 859 1351 Laevinus,
890 1304 958 1354 qui
985 1317 1073 1342 cum
1103 1303 1279 1354 explora-

83 1373 187 1406 tores
207 1368 324 1418 Pyrri
345 1369 523 1418 cepisset,
541 1369 660 1419 jussit
680 1382 745 1408 eos
765 1382 835 1419 per
855 1374 982 1407 castra
1001 1368 1103 1414 duci,
1122 1368 1277 1406 ostendi
1291 1377 1353 1409 340

82 1445 240 1470 omnem
273 1433 501 1479 exercitum,
532 1439 696 1484 tumque
730 1433 891 1479 dimitti,
927 1438 971 1471 ut
1003 1433 1278 1471 renuntiarent

83 1496 207 1546 Pyrro
236 1510 494 1547 quaecunque
527 1511 550 1536 a
582 1498 771 1536 Romanis
804 1503 1025 1548 agerentur.
1086 1496 1132 1537 Β.
1166 1496 1279 1535 Com-

82 1561 200 1599 missa
220 1574 313 1599 mox
335 1574 479 1612 pugna,
502 1575 590 1600 cum
616 1562 696 1612 jam
718 1563 867 1612 Pyrrus
889 1563 1056 1613 fugeret,
1078 1562 1276 1612 elephant-

82 1637 194 1663 orum
233 1625 381 1664 auxilio
418 1626 525 1672 vicit,
566 1640 664 1677 quos
701 1626 922 1677 incognitos
961 1627 1131 1665 Romani
1165 1640 1278 1677 expa-

83 1695 236 1728 verunt.
313 1689 391 1728 Sed
433 1703 513 1728 nox
552 1691 701 1741 proelio
739 1692 858 1729 finem
897 1691 1035 1730 dedit:
1082 1691 1277 1729 Laevinus
1291 1699 1351 1732 345

83 1759 216 1792 tamen
260 1767 330 1804 per
371 1759 527 1793 noctem
574 1755 687 1806 fugit,
728 1755 879 1805 Pyrrus
926 1755 1125 1793 Romanos
1171 1755 1277 1793 mille

83 1818 330 1868 octingentos
368 1819 472 1868 cepit
510 1824 550 1857 et
592 1832 657 1857 eos
695 1832 848 1857 summo
887 1819 1035 1857 honore
1078 1819 1276 1865 tractavit,

81 1882 227 1920 occisos
273 1882 463 1932 sepelivit.
538 1883 643 1930 Quos
686 1897 774 1921 cum
823 1883 987 1921 adverso
1031 1883 1192 1921 vulnere
1239 1889 1279 1921 et

82 1946 184 1984 truci
212 1946 326 1984 vultu
356 1947 476 1985 etiam
505 1952 681 1985 mortuos
707 1948 836 1997 jacere
863 1947 1037 1993 vidisset,
1060 1947 1199 1985 tulisse
1229 1948 1276 1985 ad
