1442 2199
410 85 614 116 EUTROPI
640 84 897 115 BHEVIARII
924 84 970 115 ΙΙ.
1231 86 1278 121 25

86 192 287 230 civitatem
336 191 503 239 Siciliae,
552 197 771 243 pugnatum
821 197 880 230 est
926 191 1079 243 ingenti
1132 191 1279 229 virtute

86 256 365 295 Romanorum.
425 257 528 295 Nam
556 257 759 307 sexaginta
787 261 866 294 tres
890 256 1278 306 Carthaginiensium

85 334 204 359 naves
229 327 365 372 captae
389 328 491 368 sunt,
519 327 676 359 centum
698 321 839 372 viginti
865 321 1040 371 quinque
1067 321 1278 366 demersae,

85 386 250 436 triginta
291 386 370 424 duo
413 386 522 424 milia
564 386 740 424 hostium
779 391 903 436 capta,
945 385 1135 424 tredecim
1172 385 1282 423 milia

84 450 218 498 occisa,
241 451 443 489 infinitum
467 450 563 498 auri,
585 450 751 501 argenti,
779 450 946 501 praedae
974 450 1013 487 in
1043 456 1279 500 potestatem
1296 466 1357 500 550

84 515 352 553 Romanorum
382 515 595 554 redactum.
657 514 706 555 B.
739 514 800 552 Ex
830 514 949 552 classe
979 514 1158 553 Romana
1189 515 1282 553 duo—

85 579 211 617 decim
244 593 364 618 naves
398 579 609 618 demersae.
669 579 896 631 Pugnatum
931 585 990 617 est
1022 589 1078 616 VI.
1098 587 1281 646 Fsslssssffixfnc

85 643 178 682 Idus
195 644 370 682 Mart-ias.
422 645 567 683 Statim
582 658 718 695 pacem
734 644 1080 694 Carthaginienses
1151 655 1224 680 War.

84 710 323 760 petiverunt,
354 709 584 760 tributaque
613 714 673 748 est
701 709 762 747 his
791 722 880 759 pax.
954 708 1113 759 Captivi
1142 708 1282 746 Roma-

84 787 234 820 norum,
268 774 335 824 qui
370 775 611 812 tenebantur
644 787 666 812 a
697 766 1102 824 Carthaginiensibus,
1134 772 1281 811 redditi
1297 790 1356 824 555

85 844 187 876 sunt.
246 838 378 876 Etiam
412 838 759 890 Carthaginienses
793 839 1031 889 petiverunt,
1062 844 1108 876 ut
1141 837 1282 876 redimi

85 915 149 941 eos
169 903 345 953 captivos
369 903 514 951 liceret,
537 917 635 954 quos
662 918 711 942 ex
740 903 849 941 Afris
879 903 1050 943 Romani
1079 903 1277 942 tenebant.

85 967 252 1006 Senatus
286 968 403 1018 jussit
437 968 520 1007 sine
554 968 681 1019 pretio
716 982 781 1007 eos
821 968 917 1014 dari,
953 968 1021 1019 qui
1053 968 1095 1006 in
1125 967 1283 1018 publica

85 1031 262 1070 custodia
285 1038 439 1071 essent:
466 1032 534 1083 qui
560 1038 693 1071 autem
722 1047 744 1071 a
772 1033 939 1083 privatis
965 1039 1207 1080 tenerentur,
1237 1038 1282 1070 ut

84 1097 210 1147 pretio
240 1096 411 1135 dominis
442 1097 601 1136 reddito
631 1097 914 1149 Carthaginem
943 1097 1131 1145 redirent,
1162 1103 1280 1148 atque
1296 1106 1358 1148 560

83 1161 125 1199 id
154 1161 325 1212 pretium
355 1175 404 1200 ex
431 1162 522 1200 fisco
548 1162 672 1214 magis
697 1176 815 1212 quam
839 1176 861 1200 a
888 1162 1281 1213 Carthaginiensibus

84 1226 313 1265 solveretur.

138 1290 215 1332 28.
250 1291 292 1338 Q.
316 1291 501 1329 Lutatius
522 1291 567 1329 A.
593 1291 766 1330 Manlius
788 1292 965 1330 consules
990 1293 1110 1330 creati
1134 1292 1279 1330 bellum

83 1355 244 1393 Faliscis
265 1355 497 1402 intulerunt,
516 1369 614 1406 quae
635 1356 774 1394 civitas
794 1356 933 1395 Italiae
954 1357 1141 1407 opulenta
1161 1370 1280 1407 quon-

84 1419 174 1458 dam
204 1420 290 1457 fuit.
350 1419 465 1467 Quod
492 1421 607 1458 ambo
631 1420 809 1459 consules
834 1421 938 1459 intra
959 1434 1028 1459 sex
1048 1421 1141 1468 dies,
1165 1434 1280 1471 quam
1297 1429 1356 1470 565

84 1490 286 1532 venerant,
327 1489 606 1540 transegerunt
643 1485 871 1536 quindecim
908 1486 1069 1524 milibus
1107 1486 1281 1524 hostium

84 1549 215 1594 caesis,
238 1549 378 1587 ceteris
402 1562 495 1599 pace
516 1562 709 1596 concessa,
731 1563 825 1600 agro
846 1555 979 1588 tamen
999 1564 1049 1588 ex
1069 1550 1280 1588 medietate

83 1612 248 1651 sublato.
