1393 2218
490 567 822 616 EUTROPI

57 702 465 749 BREVIARH
510 702 612 749 AB
659 702 865 749 URBE
916 699 1245 750 CONDITA

440 866 604 905 LIBER
642 866 864 905 PRIMUS.

111 976 144 1017 1.
177 976 402 1015 ROMANUM
416 975 636 1026 imperium,
652 989 731 1026 quo
743 989 871 1026 neque
885 976 934 1014 ab
948 974 1111 1013 exordio
1127 973 1252 1012 ullum

57 1042 136 1080 fere
159 1042 290 1079 minus
316 1054 443 1091 neque
470 1040 723 1078 incrementis
748 1046 833 1079 toto
860 1041 954 1079 orbe
975 1054 1052 1078 am-
1099 1065 1252 1090 Romulus.

57 1106 159 1157 plius
194 1106 366 1144 humana
398 1109 530 1156 potest
563 1106 751 1143 memoria
784 1105 993 1151 recordari,
1030 1119 1052 1143 a
1113 1099 1245 1126 ¹³·⁰·⁷⁵3·

58 1171 230 1209 Romulo
259 1169 467 1209 exordium
496 1168 627 1217 habet,
658 1170 725 1220 qui
754 1171 859 1208 Reae
889 1169 1046 1218 Silviae,
1082 1171 1256 1210 Vestalis

60 1235 247 1287 Virginis,
275 1234 379 1273 filius
403 1239 452 1281 et,
479 1240 673 1285 quantum
700 1240 863 1285 putatus
893 1241 966 1283 est,
997 1236 1139 1275 Martis
1168 1250 1256 1274 cum
1294 1252 1310 1285 5

62 1300 186 1339 Remo
219 1299 339 1338 fratre
372 1312 452 1337 uno
490 1306 605 1350 partu
645 1299 775 1338 editus
813 1305 882 1338 est.
956 1300 994 1338 Is
1029 1314 1118 1339 cum
1152 1301 1257 1339 inter

61 1369 237 1416 pastores
265 1363 576 1411 latrocinaretur,
609 1364 744 1403 decem
774 1369 814 1402 et
846 1369 934 1403 octo
969 1379 1093 1403 annos
1125 1370 1256 1412 natus,

62 1429 200 1468 urbem
221 1428 404 1479 exiguam
424 1428 464 1466 in
486 1429 668 1467 Palatino
688 1434 823 1467 monte
844 1430 1064 1477 constituit,
1087 1440 1145 1468 XI.
1165 1430 1254 1468 Kal.

63 1494 199 1540 Maias,
236 1492 485 1543 Olympiadis
520 1499 655 1532 sextae
689 1507 792 1532 anno
826 1494 956 1541 tertio,
992 1500 1082 1545 post
1115 1495 1260 1545 Trojae

64 1559 273 1605 excidium,
313 1563 359 1595 ut
393 1557 462 1607 qui
500 1558 716 1608 plurimum
754 1558 1042 1609 minimumque
1081 1559 1259 1605 tradunt,
1279 1576 1317 1598 10

64 1637 167 1661 anno
188 1621 463 1660 trecentesimo
483 1622 737 1673 nonagesimo
758 1628 910 1673 quarto.

119 1687 161 1729 2.
193 1686 366 1726 Condita
392 1687 566 1733 civitate,
594 1701 712 1738 quam
740 1701 789 1726 ex
817 1688 976 1727 nomine
1004 1702 1075 1727 suo
1096 1689 1263 1727 Romam

65 1752 233 1800 vocavit,
269 1751 363 1789 haec
398 1751 479 1790 fere
514 1753 604 1804 egit.
664 1752 969 1791 Multituclinem
1005 1754 1264 1792 finitimorum

66 1818 107 1855 in
146 1817 347 1855 civitatem
395 1817 554 1866 recepit,
601 1822 762 1855 centum
800 1830 849 1855 ex
897 1818 1117 1856 senioribus
1138 1810 1263 1869 legit,

68 1895 234 1932 quorum
263 1880 424 1918 consilio
454 1881 586 1919 omnia
614 1887 758 1932 ageret,
790 1895 887 1932 quos
916 1887 1116 1921 senatores
1145 1883 1266 1921 nomi·
1284 1895 1318 1928 15

68 1946 179 1984 navit
207 1950 370 1996 propter
398 1950 652 1984 senectutem.
710 1946 822 1993 Tum,
846 1960 935 1985 cum
961 1961 1103 1986 uxores
1124 1947 1206 1997 ipse
1227 1953 1267 1986 et

69 2010 237 2060 populus
263 2021 356 2047 suus
383 2022 462 2046 non
490 2010 692 2056 haberent,
715 2010 901 2048 invitavit
927 2011 977 2048 ad
1001 2012 1266 2062 spectaculum

177 2072 204 2107 5
674 2072 695 2095 Α
