1442 2199
139 135 186 170 22
458 133 666 166 EUTROPI
691 134 947 166 BREVIARII
973 134 1020 167 11.

141 240 299 280 Africae
329 241 542 288 civitatem,
578 242 618 280 in
653 242 897 281 deditionem
930 249 1173 294 aeceperunt.
1241 243 1341 282 Con-

143 305 246 345 sules
275 320 398 357 usquc
427 307 477 345 ad
507 307 789 357 Carthaginem
819 314 1104 358 processerunt,
1127 308 1341 359 multisque

143 371 313 409 castellis
350 371 527 418 vastatis,
568 371 742 410 Manlius
781 372 908 410 victor
941 372 1107 411 Romam
1141 372 1271 420 rediit,
1302 377 1342 411 et

69 444 130 484 465
145 436 287 487 viginti
333 442 485 487 septem
532 436 641 474 milia
687 437 933 487 captivorum
980 437 1151 485 reduxit,
1192 437 1341 476 Atilius

144 501 320 552 Regulus
332 502 372 539 in
390 502 523 539 Africa
538 502 736 540 remansit.
796 501 844 542 B.
878 501 917 540 Is
933 508 1069 541 contra
1085 502 1204 541 Afros
1219 503 1340 541 aciem

144 566 344 604 instruxit.
408 566 559 605 Contra
579 572 659 604 tres
681 566 1070 618 Carthaginiensium
1091 566 1209 605 duces
1229 567 1334 606 dimi-

145 645 236 670 cans
260 631 386 670 victor
408 631 494 679 fuit,
517 631 651 670 decem
677 636 716 670 et
742 636 830 670 octo
857 631 965 670 milia
990 631 1165 670 hostium
1187 631 1338 681 cecidit,

144 696 320 747 quinque
353 696 462 734 milia
495 709 584 734 cum
618 695 753 734 decem
787 701 826 734 et
857 701 944 734 octo
974 695 1194 746 elephantis
1223 696 1338 748 cepit,

69 776 133 807 470
145 761 397 812 septuaginta
416 766 605 811 quattuor
625 761 805 799 civitates
825 761 865 799 in
886 760 1004 799 fidem
1024 761 1181 812 accepit.
1240 761 1340 800 Tum

144 826 239 864 victi
278 825 623 876 Carthaginienses
660 838 795 875 pacem
828 838 850 863 a
884 825 1072 863 Romanis
1101 825 1337 876 petiverunt.

145 890 271 939 Quam
299 903 386 929 cum
414 890 589 942 Regulus
614 889 739 928 nollet
764 890 839 928 nisi
865 889 1086 928 durissimis
1111 889 1342 929 conditioni-

143 955 217 994 bus
246 955 350 1002 dare,
374 955 461 993 Afri
488 954 680 993 auxilium
707 968 729 992 a
755 954 1074 993 Lacedaemoniis
1100 955 1338 1005 petiverunt.

146 1020 199 1058 Et
213 1019 311 1058 duee
330 1020 570 1070 Xanthippo,
590 1019 656 1070 qui
671 1033 692 1058 a
708 1018 1028 1058 Lacedaemoniis
1043 1019 1185 1058 missus
1199 1019 1338 1068 fuerat,

69 1100 131 1134 475
145 1085 416 1124 Romanorum
442 1084 525 1123 dux
549 1084 723 1135 Regulus
750 1084 878 1122 vietus
905 1089 965 1123 est
992 1084 1132 1122 ultima
1155 1085 1337 1135 pernicie.

145 1150 249 1188 Nam
270 1149 348 1189 duo
368 1149 477 1188 milia
496 1155 654 1188 tantum
675 1162 724 1188 ex
748 1149 856 1187 omni
880 1149 1059 1188 Romano
1083 1149 1260 1188 exercitu
1285 1162 1342 1188 re-

144 1215 344 1266 fugerunt,
385 1214 594 1265 quingenti
636 1227 725 1252 cum
762 1214 1000 1265 imperatore
1042 1213 1194 1265 Regulo
1237 1214 1341 1265 capti

145 1285 249 1327 sunt,
282 1280 446 1331 triginta
478 1279 586 1317 milia
620 1279 755 1326 occisa,
791 1278 964 1330 Regulus
997 1279 1081 1329 ipse
1114 1279 1155 1317 in
1183 1284 1341 1318 catenas

145 1345 357 1396 conjectus.

69 1418 133 1456 480
199 1409 274 1450 22.
309 1410 364 1447 M.
394 1408 564 1447 Aemilio
592 1408 715 1447 Paulo
743 1408 822 1447 Ser.
851 1409 992 1447 Fulvio
1021 1408 1225 1448 Nobiliore
1254 1422 1341 1448 con-

167 1482 271 1522 ·Naval
345 1473 496 1512 sulibus
526 1473 641 1512 ambo
675 1473 845 1512 Romani
876 1473 1053 1512 consules
1083 1473 1134 1512 ad
1164 1473 1340 1512 Africam

147 1515 303 1575 Vffigffllgf
345 1539 512 1589 profecti
528 1544 621 1576 sunt
637 1551 724 1576 cum
745 1542 1009 1577 trecentarum
1030 1538 1191 1576 navium
1206 1537 1337 1576 classe.

145 1604 322 1642 Primum
346 1604 464 1642 Afros
483 1603 614 1642 navali
639 1603 851 1642 certamine
875 1608 1073 1654 superant.
1144 1602 1340 1642 Aemilius

145 1668 280 1707 consul
306 1674 464 1707 eentum
495 1674 536 1707 et
563 1673 752 1718 quattuor
785 1681 905 1706 naves
934 1667 1109 1706 hostium
1138 1667 1336 1715 demersit,

69 1742 131 1782 485
145 1733 311 1784 triginta
349 1747 436 1772 eum
475 1732 763 1784 pugnatoribus
801 1732 915 1783 cepit,
957 1731 1184 1782 quindecim
1231 1731 1340 1770 milia

146 1798 319 1836 hostium
348 1804 417 1836 ant
446 1797 589 1836 oceidit
617 1802 685 1835 aut
713 1797 827 1847 cepit,
851 1796 1018 1835 militem
1046 1809 1160 1834 suum
1186 1796 1340 1848 ingenti

145 1863 290 1914 praeda
310 1862 466 1900 ditavit.
538 1861 590 1900 Et
617 1861 778 1900 subacta
803 1861 941 1899 Africa
966 1867 1060 1899 tunc
1086 1861 1234 1907 fuisset,
1262 1861 1339 1899 nisi

145 1927 251 1978 quod
273 1932 384 1965 tanta
403 1927 525 1966 fames
547 1932 641 1974 erat,
661 1931 707 1964 ut
726 1926 876 1964 diutius
896 1926 1092 1964 exercitus
1113 1930 1338 1976 exspectare

146 2006 222 2030 non
251 1998 391 2042 posset.
453 1991 653 2037 Consules,
677 2004 762 2028 cum
789 1991 937 2028 victrici
968 1990 1088 2028 classe
1114 1989 1337 2037 redeuntes,
