1442 2199
124 111 171 147 10
449 109 655 142 EU'rlwl’l
684 110 934 141 BREVIARII
962 110 988 142 Ι.

121 216 216 254 urbe
243 216 477 255 duodecimo
504 217 626 256 ferme
652 217 819 256 miliario
843 218 1046 256 Romanus
1070 218 1316 256 obsideretur

136 289 291 315 Cincinna-
322 282 530 328 exercitus,
561 282 603 320 L.
636 282 823 330 Quintius
846 282 1117 329 Cincinnatus,
1148 283 1317 321 dictator

120 324 296 414 suffitntisisszcd
322 351 382 383 cst
428 346 553 384 factus
600 346 669 396 qui
717 359 854 397 agrum
901 353 1090 397 quattuor
1132 347 1315 397 jugerum

132 422 297 447 command.
323 410 528 461 possidens
558 411 739 449 manibus
765 412 844 449 suis
870 412 1032 450 colebat.
1092 412 1131 450 Is
1159 425 1246 450 cum
1276 411 1316 449 in

50 491 108 522 190
121 488 237 526 opere
267 480 307 513 et
337 488 451 513 arans
480 481 584 514 esset
612 475 812 522 inventus,
834 476 1162 524 sudore'deterso,
1185 482 1317 527 togam

120 545 366 590 praetextam
398 540 548 590 aceepit
577 545 617 578 et
645 541 765 578 caesis
794 540 974 580 hostibus
1003 541 1187 580 liberavit
1212 553 1318 579 exer-

121 605 254 643 citum.

176 668 245 709 18.
279 669 397 707 Anno
425 669 702 708 trecentesimo
726 675 766 708 et
798 669 924 708 altero
954 671 1004 709 ab
1035 670 1129 709 urbe
1160 669 1319 709 condita

124 742 292 779 lJeceJnvirs
322 733 533 784 imperium
560 734 763 773 consulare
790 735 966 781 cessavit,
999 740 1038 773 et
1066 748 1137 785 pro
1166 735 1318 773 duobus

50 812 107 846 ¹95
120 775 289 836 agiliuiicfi'
322 798 548 837 consulibus
582 798 715 838 decem
754 799 848 838 faeti
882 805 984 847 sunt,
1020 800 1087 850 qui
1125 813 1315 838 summam

122 866 361 912 potestatem
387 863 589 911 haberent,
619 863 831 902 decemviri
862 865 1066 903 nominati.
1126 864 1204 903 Sed
1231 878 1318 903 eum

122 926 249 976 primo
287 940 390 966 anno
428 928 528 966 bene
571 929 753 979 egissent,
797 929 970 967 seeundo
1012 942 1114 968 unus
1157 942 1206 968 ex
1246 928 1319 976 his,

122 991 196 1042 Ap.
234 992 436 1040 Claudius,
478 993 636 1044 Virgini
675 993 893 1044 cujusdam,
925 994 992 1044 qui
1030 994 1206 1032 honestis
1238 994 1318 1044 jam

121 1056 331 1107 stipendiis
358 1063 496 1096 eontra
521 1058 684 1096 Latinos
712 1059 752 1096 in
782 1064 916 1096 monte
945 1058 1092 1110 Algido
1117 1058 1318 1106 militarat,

48 1137 110 1159 200
123 1121 242 1160 filiam
291 1122 485 1173 virginem
537 1135 786 1173 corrumpere
834 1123 983 1171 voluit,
1040 1136 1157 1173 quam
1210 1128 1322 1174 pater

59 1209 66 1214 -
122 1186 277 1234 occidit,
313 1200 362 1225 ne
397 1193 580 1237 stuprum
618 1201 640 1226 a
673 1187 895 1226 decemviro
933 1188 1157 1235 sustineret,
1193 1193 1234 1226 et
1266 1200 1321 1226 re-

121 1264 276 1302 gressus
315 1251 364 1289 ad
403 1251 549 1290 milites
591 1252 718 1290 movit
759 1252 987 1290 tumultum.
1061 1252 1226 1290 Sublata
1262 1257 1322 1291 est

123 1315 358 1355 decemviris
387 1321 574 1367 potestas,
606 1316 760 1367 ipsique
790 1316 966 1355 damnati
996 1324 1099 1355 sunt.

179 1380 247 1421 19.
282 1382 403 1419 Anno
432 1381 709 1419 trecentesimo
739 1386 778 1419 et
806 1381 947 1431 quinto
973 1381 1125 1420 decimo
1151 1382 1200 1419 ab
1226 1381 1321 1419 urbe

50 1457 110 1491 205
124 1445 283 1484 condita
330 1445 544 1484 Fidenates
591 1451 728 1484 contra
775 1446 972 1484 Romanos
1020 1445 1318 1484 rebellaverunt.

126 1510 333 1549 Auxilium
363 1510 423 1548 his
448 1511 703 1561 praestabant
724 1510 911 1549 Veientes
938 1516 977 1548 et
1002 1524 1071 1549 rex
1092 1511 1320 1549 Veientium

124 1575 368 1613 Tolumnius.
429 1575 538 1622 Quae
568 1575 706 1613 ambae
735 1575 916 1613 civitates
946 1581 1026 1614 tam
1057 1576 1206 1614 vicinae
1235 1576 1320 1615 urbi

126 1646 229 1687 sunt,
262 1645 308 1678 ut
336 1639 510 1678 Fidenae
540 1645 665 1686 sexto,
696 1639 770 1678 Vei
800 1645 938 1678 octavo
968 1640 1121 1679 decimo
1154 1640 1322 1679 miliario

126 1704 268 1742 absint.
328 1703 638 1754 Conjunxcrunt
668 1718 707 1742 se
737 1704 798 1742 his
827 1710 866 1742 ct
892 1704 1033 1743 Volsci.
1092 1704 1170 1743 Sed
1199 1705 1319 1742 Mam.

50 1790 113 1812 210
128 1769 297 1807 Aemilio
324 1768 515 1807 dictatore
543 1775 583 1807 ct
609 1768 650 1807 L.
681 1768 846 1816 Quintio
874 1768 1108 1807 Cincinnato
1134 1770 1323 1819 magistro

127 1833 306 1883 equitum
344 1833 438 1871 victi
478 1833 597 1871 etiam
637 1846 766 1884 regem
805 1833 1074 1884 perdiderunt.
1150 1833 1323 1872 Fidenae

126 1904 262 1948 captae
283 1903 323 1936 et
343 1897 506 1936 excisae.

179 1961 258 2004 20.
282 1961 336 2003 A.
369 1962 465 2001 Post
488 1962 631 2013 viginti
659 1962 801 2000 deinde
828 1976 951 2000 annos
973 1962 1182 2000 Veientani
1204 1961 1323 2000 rebel-
