1442 2199
411 85 620 118 EUTROPI
645 85 899 117 BREVIARII
926 85 972 117 II.
1241 88 1287 123 13

93 197 133 231 et
171 193 339 244 posteris
377 206 593 244 cognomen
636 193 795 244 accepit.
873 193 978 232 Galli
1016 193 1141 244 fugati
1180 198 1283 238 sunt,

92 271 184 296 mox
208 271 278 309 per
303 258 347 297 O.
378 258 595 309 Sulpicium
622 257 855 296 dictatorem
882 257 1002 296 etiam
1029 257 1134 295 victi.
1194 257 1285 294 Non

91 322 217 361 multo
237 327 327 373 post
347 336 368 361 a
388 323 429 362 O.
453 322 603 361 Marcio
625 322 740 360 Tusci
761 322 856 360 victi
877 327 979 369 sunt,
1010 327 1050 360 et
1070 326 1157 360 octo
1177 321 1285 359 milia

90 387 335 438 captivorum
357 400 406 426 ex
425 387 486 425 his
507 387 547 425 in
568 387 814 438 triumphum
836 387 962 425 ducta.

143 452 189 492 6.
220 451 370 491 Census
391 452 534 490 iterum
555 451 715 490 habitus
741 456 810 489 est.
869 451 922 489 Et
942 464 1030 489 cum
1050 450 1194 498 Latini,
1218 450 1284 501 qui
1298 459 1359 490 270

89 529 111 554 a
143 516 332 555 Romanis
365 516 516 555 subacti
551 520 672 563 erant,
709 516 855 555 milites
886 521 1085 566 praestare
1142 543 1275 569 Valerius

88 580 250 628 nollent,
291 594 340 620 ex
382 581 571 619 Romanis
609 585 766 618 tantum
805 580 953 619 tirones
992 580 1082 619 lecti
1143 577 1275 635 gggsmtge

87 649 192 693 sunt,
226 645 430 696 factaeque
462 645 636 696 legiones
667 644 812 692 decem,
844 645 911 696 qui
942 644 1083 683 modus
1127 644 1279 669 ewinus·

87 710 293 761 sexaginta
335 709 397 748 vel
435 709 604 760 amplius
645 714 887 748 armatorum
930 709 1038 747 milia
1078 710 1277 749 efficiebat.

86 774 225 813 Parvis
265 774 391 814 adhuc
434 775 623 814 Romanis
664 775 782 813 rebus
823 779 938 813 tanta
976 780 1109 813 tamen
1150 775 1192 813 in
1240 789 1280 814 re
1294 788 1355 821 275

85 839 247 877 militari
272 839 399 878 virtus
428 845 522 878 erat.
582 839 689 888 Quae
713 853 802 878 cum
830 840 1028 890 profectae
1058 844 1188 878 essent
1217 840 1281 878 ad-

85 916 242 958 versum
281 904 416 943 Gallos
454 904 552 943 duce
592 903 636 943 L.
681 904 812 951 Furio,
857 903 1019 954 quidam
1058 917 1107 942 ex
1154 904 1279 943 Gallis

85 980 208 1006 unum
246 981 296 1007 ex
332 969 534 1016 Romanis,
575 969 642 1019 qui
677 973 779 1007 esset
816 968 1000 1018 optimus,
1037 969 1275 1019 provocavit.

84 1032 186 1070 Tum
223 1045 264 1071 se
302 1033 357 1071 M.
394 1033 576 1071 Valerius
615 1033 799 1071 tribunus
832 1033 1006 1071 militum
1045 1033 1204 1081 obtulit,
1239 1039 1278 1073 et

83 1111 172 1135 cum
204 1098 455 1148 processisset
487 1103 672 1145 armatus,
709 1111 848 1136 corvus
878 1098 912 1135 ei
942 1111 1060 1148 supra
1091 1098 1275 1137 dextrum
1291 1104 1353 1135 280

82 1162 308 1201 bracchium
337 1163 450 1201 sedit.
508 1163 618 1210 Mox,
646 1163 852 1201 commissa
878 1162 1088 1200 adversum
1117 1163 1276 1202 Gallum

81 1240 223 1278 pugna,
259 1227 364 1266 idem
403 1240 542 1266 corvus
580 1227 652 1265 alis
690 1232 730 1265 et
766 1227 965 1277 unguibus
1002 1227 1106 1265 Galli
1145 1228 1276 1267 oculos

80 1292 315 1339 verberavit,
340 1306 389 1330 ne
416 1297 568 1330 rectum
591 1297 724 1342 posset
747 1292 929 1342 aspicere.
989 1292 1051 1330 Ita
1072 1306 1094 1330 a
1113 1292 1274 1332 tribuno

80 1356 238 1395 Valerio
261 1356 500 1395 interfectus.
575 1356 726 1395 Corvus
750 1370 830 1395 non
853 1356 979 1394 solum
1001 1356 1203 1395 victoriam
1226 1358 1271 1403 ei,

79 1419 148 1458 sed
174 1420 293 1459 etiam
317 1434 462 1459 nomen
489 1420 609 1459 dedit.
669 1420 773 1458 Nam
797 1425 934 1471 postea
953 1419 1059 1458 idem
1080 1420 1274 1459 Corvinus
1288 1427 1348 1467 285

80 1489 140 1522 est
159 1484 298 1522 dictus.
367 1484 426 1522 Ac
449 1489 611 1534 propter
633 1483 707 1522 hoc
731 1484 917 1522 meritum
936 1497 1129 1523 annorum
1150 1485 1270 1522 trium

80 1554 119 1587 et
139 1548 282 1600 viginti
302 1548 435 1587 consul
455 1554 515 1587 est
533 1550 670 1587 factus.

131 1612 172 1656 7.
203 1612 347 1660 Latini,
371 1613 439 1663 qui
459 1613 667 1651 noluerant
687 1613 833 1651 milites
854 1613 959 1661 dare,
982 1613 1054 1651 hoc
1075 1626 1229 1664 quoque
1250 1628 1272 1652 a

79 1677 267 1716 Romanis
288 1677 444 1728 exigere
464 1682 688 1729 coeperunt,
712 1683 757 1715 ut
776 1690 877 1715 unus
897 1677 1032 1715 consul
1053 1691 1101 1715 ex
1122 1691 1268 1724 eorum,

79 1741 178 1780 alter
211 1755 260 1780 ex
294 1742 561 1780 Romanorum
595 1742 740 1792 populo
772 1747 978 1780 crearetur.
1038 1742 1153 1789 Quod
1182 1756 1269 1780 cum
1286 1759 1347 1789 290

78 1811 180 1844 esset
207 1811 406 1857 negatum,
436 1806 583 1845 bellum
613 1811 749 1844 contra
778 1819 842 1845 eos
876 1812 1101 1856 susceptum
1131 1812 1199 1853 est,
1232 1813 1272 1845 et

77 1870 231 1921 ingenti
262 1884 395 1921 pugna
428 1871 602 1921 superati
635 1876 750 1909 sunt:
794 1884 837 1909 ac
866 1870 914 1909 de
948 1871 1009 1909 his
1038 1871 1271 1921 perdomitis

78 1934 366 1984 triumphatum
404 1940 473 1973 est.
550 1935 712 1973 Statuae
746 1935 970 1974 consulibus
1003 1935 1053 1974 ob
1086 1935 1270 1974 meritum
