<?xml version="1.0" encoding="UTF-8"?>
<!DOCTYPE html PUBLIC "-//W3C//DTD XHTML 1.0 Transitional//EN"
    "http://www.w3.org/TR/xhtml1/DTD/xhtml1-transitional.dtd">
<html xmlns="http://www.w3.org/1999/xhtml" xml:lang="en" lang="en">
 <head>
  <title>
</title>
<meta http-equiv="Content-Type" content="text/html;charset=utf-8" />
  <meta name='ocr-system' content='tesseract 3.04.00' />
  <meta name='ocr-capabilities' content='ocr_page ocr_carea ocr_par ocr_line ocrx_word'/>
</head>
<body>
  <div class='ocr_page' id='page_1' title='image "./booksiii00eutruoft_0032.png"; bbox 0 0 1442 2199; ppageno 0'>
   <div class='ocr_carea' id='block_1_1' title="bbox 160 112 1030 151">
    <p class='ocr_par' dir='ltr' id='par_1_1' title="bbox 160 112 1030 151">
     <span class='ocr_line' id='line_1_1' title="bbox 160 112 1030 151; baseline 0 -7"><span class='ocrx_word' id='word_1_1' title='bbox 160 115 205 151; x_wconf 80' lang='lat'>14</span> <span class='ocrx_word' id='word_1_2' title='bbox 468 112 676 145; x_wconf 82' lang='lat' dir='ltr'>EUTROPI</span> <span class='ocrx_word' id='word_1_3' title='bbox 703 113 957 145; x_wconf 77' lang='lat' dir='ltr'>BREVIARM</span> <span class='ocrx_word' id='word_1_4' title='bbox 983 112 1030 144; x_wconf 82' lang='lat'>11.</span> 
     </span>
    </p>
   </div>
   <div class='ocr_carea' id='block_1_2' title="bbox 76 219 1350 1306">
    <p class='ocr_par' dir='ltr' id='par_1_2' title="bbox 76 219 1350 1306">
     <span class='ocr_line' id='line_1_2' title="bbox 155 219 1347 271; baseline -0.001 -13"><span class='ocrx_word' id='word_1_5' title='bbox 155 221 341 260; x_wconf 89' lang='lat' dir='ltr'>victoriae</span> <span class='ocrx_word' id='word_1_6' title='bbox 373 221 411 258; x_wconf 90' lang='lat' dir='ltr'>in</span> <span class='ocrx_word' id='word_1_7' title='bbox 447 220 602 259; x_wconf 81' lang='lat' dir='ltr'>Rostris</span> <span class='ocrx_word' id='word_1_8' title='bbox 637 221 787 271; x_wconf 80' lang='lat' dir='ltr'>positae</span> <span class='ocrx_word' id='word_1_9' title='bbox 821 225 926 259; x_wconf 84' lang='lat' dir='ltr'>sunt.</span> <span class='ocrx_word' id='word_1_10' title='bbox 1002 219 1059 258; x_wconf 93' lang='lat' dir='ltr'>Eo</span> <span class='ocrx_word' id='word_1_11' title='bbox 1093 233 1197 259; x_wconf 90' lang='lat' dir='ltr'>anno</span> <span class='ocrx_word' id='word_1_12' title='bbox 1230 219 1347 258; x_wconf 88' lang='lat' dir='ltr'>etiam</span> 
     </span>
     <span class='ocr_line' id='line_1_3' title="bbox 80 284 1222 326; baseline -0.002 -1"><span class='ocrx_word' id='word_1_13' title='bbox 80 293 140 326; x_wconf 81' lang='lat'>295</span> <span class='ocrx_word' id='word_1_14' title='bbox 156 285 397 323; x_wconf 82' lang='lat' dir='ltr'>Alexandria</span> <span class='ocrx_word' id='word_1_15' title='bbox 417 285 466 323; x_wconf 90' lang='lat' dir='ltr'>ab</span> <span class='ocrx_word' id='word_1_16' title='bbox 487 284 716 323; x_wconf 84' lang='lat' dir='ltr'>Alexandro</span> <span class='ocrx_word' id='word_1_17' title='bbox 738 284 953 324; x_wconf 84' lang='lat' dir='ltr'>Macedone</span> <span class='ocrx_word' id='word_1_18' title='bbox 973 284 1133 323; x_wconf 88' lang='lat' dir='ltr'>condita</span> <span class='ocrx_word' id='word_1_19' title='bbox 1152 289 1222 323; x_wconf 88' lang='lat' dir='ltr'>est.</span> 
     </span>
     <span class='ocr_line' id='line_1_4' title="bbox 207 348 1349 400; baseline -0.002 -11"><span class='ocrx_word' id='word_1_20' title='bbox 207 350 251 391; x_wconf 89' lang='lat'>8.</span> <span class='ocrx_word' id='word_1_21' title='bbox 283 350 375 388; x_wconf 66' lang='lat' dir='ltr'>dam</span> <span class='ocrx_word' id='word_1_22' title='bbox 403 349 570 388; x_wconf 86' lang='lat' dir='ltr'>Romani</span> <span class='ocrx_word' id='word_1_23' title='bbox 597 355 780 400; x_wconf 85' lang='lat' dir='ltr'>potentes</span> <span class='ocrx_word' id='word_1_24' title='bbox 806 363 888 387; x_wconf 90' lang='lat' dir='ltr'>esse</span> <span class='ocrx_word' id='word_1_25' title='bbox 913 354 1135 400; x_wconf 89' lang='lat' dir='ltr'>coeperunt.</span> <span class='ocrx_word' id='word_1_26' title='bbox 1194 348 1349 388; x_wconf 81' lang='lat' dir='ltr'>Bellum</span> 
     </span>
     <span class='ocr_line' id='line_1_5' title="bbox 154 413 1349 468; baseline 0.001 -17"><span class='ocrx_word' id='word_1_27' title='bbox 154 443 286 468; x_wconf 82' lang='lat' dir='ltr'>Samnite</span> <span class='ocrx_word' id='word_1_28' title='bbox 353 415 456 452; x_wconf 87' lang='lat' dir='ltr'>enim</span> <span class='ocrx_word' id='word_1_29' title='bbox 484 415 524 452; x_wconf 86' lang='lat' dir='ltr'>in</span> <span class='ocrx_word' id='word_1_30' title='bbox 551 413 764 452; x_wconf 89' lang='lat' dir='ltr'>centesimo</span> <span class='ocrx_word' id='word_1_31' title='bbox 791 419 831 452; x_wconf 89' lang='lat' dir='ltr'>et</span> <span class='ocrx_word' id='word_1_32' title='bbox 854 414 1051 453; x_wconf 87' lang='lat' dir='ltr'>tricesimo</span> <span class='ocrx_word' id='word_1_33' title='bbox 1075 414 1155 453; x_wconf 90' lang='lat' dir='ltr'>fere</span> <span class='ocrx_word' id='word_1_34' title='bbox 1181 413 1349 456; x_wconf 89' lang='lat' dir='ltr'>miliario</span> 
     </span>
     <span class='ocr_line' id='line_1_6' title="bbox 188 477 1350 529; baseline -0.001 -13"><span class='ocrx_word' id='word_1_35' title='bbox 188 477 261 502; x_wconf 63' lang='lat' dir='ltr'>War-</span> <span class='ocrx_word' id='word_1_36' title='bbox 353 479 401 516; x_wconf 88' lang='lat' dir='ltr'>ab</span> <span class='ocrx_word' id='word_1_37' title='bbox 426 479 520 517; x_wconf 84' lang='lat' dir='ltr'>urbe</span> <span class='ocrx_word' id='word_1_38' title='bbox 541 478 647 529; x_wconf 87' lang='lat' dir='ltr'>apud</span> <span class='ocrx_word' id='word_1_39' title='bbox 670 478 869 517; x_wconf 78' lang='lat' dir='ltr'>Samnitas</span> <span class='ocrx_word' id='word_1_40' title='bbox 893 479 1113 529; x_wconf 80' lang='lat' dir='ltr'>gerebatur,</span> <span class='ocrx_word' id='word_1_41' title='bbox 1137 478 1205 529; x_wconf 93' lang='lat' dir='ltr'>qui</span> <span class='ocrx_word' id='word_1_42' title='bbox 1228 477 1350 517; x_wconf 89' lang='lat' dir='ltr'>medii</span> 
     </span>
     <span class='ocr_line' id='line_1_7' title="bbox 153 542 1345 594; baseline 0.004 -17"><span class='ocrx_word' id='word_1_43' title='bbox 153 546 245 578; x_wconf 89' lang='lat' dir='ltr'>sunt</span> <span class='ocrx_word' id='word_1_44' title='bbox 278 542 382 581; x_wconf 88' lang='lat' dir='ltr'>inter</span> <span class='ocrx_word' id='word_1_45' title='bbox 416 543 615 591; x_wconf 85' lang='lat' dir='ltr'>Picenum,</span> <span class='ocrx_word' id='word_1_46' title='bbox 653 543 921 593; x_wconf 83' lang='lat' dir='ltr'>Campaniam,</span> <span class='ocrx_word' id='word_1_47' title='bbox 958 549 997 582; x_wconf 89' lang='lat' dir='ltr'>et</span> <span class='ocrx_word' id='word_1_48' title='bbox 1032 542 1229 594; x_wconf 87' lang='lat' dir='ltr'>Apuliam.</span> <span class='ocrx_word' id='word_1_49' title='bbox 1302 542 1345 582; x_wconf 90' lang='lat' dir='ltr'>L.</span> 
     </span>
     <span class='ocr_line' id='line_1_8' title="bbox 80 605 1350 656; baseline 0.004 -15"><span class='ocrx_word' id='word_1_50' title='bbox 80 618 141 648; x_wconf 33' lang='lat'>,300</span> <span class='ocrx_word' id='word_1_51' title='bbox 155 605 334 656; x_wconf 81' lang='lat' dir='ltr'>Papirius</span> <span class='ocrx_word' id='word_1_52' title='bbox 361 607 518 653; x_wconf 84' lang='lat' dir='ltr'>Cursor,</span> <span class='ocrx_word' id='word_1_53' title='bbox 540 621 627 646; x_wconf 89' lang='lat' dir='ltr'>cum</span> <span class='ocrx_word' id='word_1_54' title='bbox 654 607 803 646; x_wconf 88' lang='lat' dir='ltr'>honore</span> <span class='ocrx_word' id='word_1_55' title='bbox 829 608 1035 646; x_wconf 87' lang='lat' dir='ltr'>dictatoris</span> <span class='ocrx_word' id='word_1_56' title='bbox 1061 607 1111 646; x_wconf 87' lang='lat' dir='ltr'>ad</span> <span class='ocrx_word' id='word_1_57' title='bbox 1136 607 1178 646; x_wconf 89' lang='lat' dir='ltr'>id</span> <span class='ocrx_word' id='word_1_58' title='bbox 1202 606 1350 646; x_wconf 90' lang='lat' dir='ltr'>bellum</span> 
     </span>
     <span class='ocr_line' id='line_1_9' title="bbox 153 671 1350 721; baseline 0.002 -13"><span class='ocrx_word' id='word_1_59' title='bbox 153 671 350 721; x_wconf 88' lang='lat' dir='ltr'>profectus</span> <span class='ocrx_word' id='word_1_60' title='bbox 385 678 452 711; x_wconf 91' lang='lat' dir='ltr'>est.</span> <span class='ocrx_word' id='word_1_61' title='bbox 514 672 590 721; x_wconf 76' lang='lat' dir='ltr'>Qui</span> <span class='ocrx_word' id='word_1_62' title='bbox 625 685 712 710; x_wconf 91' lang='lat' dir='ltr'>cum</span> <span class='ocrx_word' id='word_1_63' title='bbox 747 672 914 710; x_wconf 86' lang='lat' dir='ltr'>Romam</span> <span class='ocrx_word' id='word_1_64' title='bbox 952 672 1110 720; x_wconf 80' lang='lat' dir='ltr'>rediret,</span> <span class='ocrx_word' id='word_1_65' title='bbox 1147 671 1191 719; x_wconf 83' lang='lat' dir='ltr'>Q.</span> <span class='ocrx_word' id='word_1_66' title='bbox 1226 671 1350 710; x_wconf 85' lang='lat' dir='ltr'>Fabio</span> 
     </span>
     <span class='ocr_line' id='line_1_10' title="bbox 154 735 1349 789; baseline 0.002 -17"><span class='ocrx_word' id='word_1_67' title='bbox 154 735 341 783; x_wconf 87' lang='lat' dir='ltr'>Maximo,</span> <span class='ocrx_word' id='word_1_68' title='bbox 382 737 570 789; x_wconf 86' lang='lat' dir='ltr'>magistro</span> <span class='ocrx_word' id='word_1_69' title='bbox 609 737 800 787; x_wconf 86' lang='lat' dir='ltr'>equitum,</span> <span class='ocrx_word' id='word_1_70' title='bbox 835 750 951 788; x_wconf 91' lang='lat' dir='ltr'>quem</span> <span class='ocrx_word' id='word_1_71' title='bbox 990 736 1096 787; x_wconf 88' lang='lat' dir='ltr'>apud</span> <span class='ocrx_word' id='word_1_72' title='bbox 1133 737 1349 775; x_wconf 82' lang='lat' dir='ltr'>exercitum</span> 
     </span>
     <span class='ocr_line' id='line_1_11' title="bbox 153 799 1348 852; baseline 0.002 -15"><span class='ocrx_word' id='word_1_73' title='bbox 153 799 324 850; x_wconf 82' lang='lat' dir='ltr'>reliquit,</span> <span class='ocrx_word' id='word_1_74' title='bbox 365 802 577 852; x_wconf 86' lang='lat' dir='ltr'>praecepit,</span> <span class='ocrx_word' id='word_1_75' title='bbox 617 814 666 840; x_wconf 88' lang='lat' dir='ltr'>ne</span> <span class='ocrx_word' id='word_1_76' title='bbox 709 815 748 839; x_wconf 89' lang='lat' dir='ltr'>se</span> <span class='ocrx_word' id='word_1_77' title='bbox 787 801 950 839; x_wconf 89' lang='lat' dir='ltr'>absente</span> <span class='ocrx_word' id='word_1_78' title='bbox 988 806 1190 852; x_wconf 78' lang='lat' dir='ltr'>pugnaret.</span> <span class='ocrx_word' id='word_1_79' title='bbox 1263 800 1348 848; x_wconf 91' lang='lat' dir='ltr'>Ille,</span> 
     </span>
     <span class='ocr_line' id='line_1_12' title="bbox 154 865 1349 917; baseline 0.001 -15"><span class='ocrx_word' id='word_1_80' title='bbox 154 865 356 904; x_wconf 79' lang='lat' dir='ltr'>occasione</span> <span class='ocrx_word' id='word_1_81' title='bbox 385 872 552 917; x_wconf 88' lang='lat' dir='ltr'>reperta,</span> <span class='ocrx_word' id='word_1_82' title='bbox 582 865 806 904; x_wconf 87' lang='lat' dir='ltr'>felicissime</span> <span class='ocrx_word' id='word_1_83' title='bbox 840 865 1044 904; x_wconf 88' lang='lat' dir='ltr'>dimicavit</span> <span class='ocrx_word' id='word_1_84' title='bbox 1077 871 1118 904; x_wconf 92' lang='lat' dir='ltr'>et</span> <span class='ocrx_word' id='word_1_85' title='bbox 1150 865 1349 904; x_wconf 81' lang='lat' dir='ltr'>Samnitas</span> 
     </span>
     <span class='ocr_line' id='line_1_13' title="bbox 80 928 1348 981; baseline 0.002 -16"><span class='ocrx_word' id='word_1_86' title='bbox 80 939 139 973; x_wconf 79' lang='lat'>305</span> <span class='ocrx_word' id='word_1_87' title='bbox 153 928 311 968; x_wconf 84' lang='lat' dir='ltr'>delevit.</span> <span class='ocrx_word' id='word_1_88' title='bbox 371 930 433 969; x_wconf 84' lang='lat' dir='ltr'>Ob</span> <span class='ocrx_word' id='word_1_89' title='bbox 453 944 572 981; x_wconf 92' lang='lat' dir='ltr'>quam</span> <span class='ocrx_word' id='word_1_90' title='bbox 592 944 675 969; x_wconf 90' lang='lat' dir='ltr'>rem</span> <span class='ocrx_word' id='word_1_91' title='bbox 695 944 717 968; x_wconf 88' lang='lat' dir='ltr'>a</span> <span class='ocrx_word' id='word_1_92' title='bbox 743 930 937 969; x_wconf 87' lang='lat' dir='ltr'>dictatore</span> <span class='ocrx_word' id='word_1_93' title='bbox 963 930 1103 980; x_wconf 90' lang='lat' dir='ltr'>capitis</span> <span class='ocrx_word' id='word_1_94' title='bbox 1126 929 1348 977; x_wconf 81' lang='lat' dir='ltr'>damnatus,</span> 
     </span>
     <span class='ocr_line' id='line_1_14' title="bbox 152 985 1350 1047; baseline 0.001 -15"><span class='ocrx_word' id='word_1_95' title='bbox 152 994 270 1044; x_wconf 87' lang='lat' dir='ltr'>quod,</span> <span class='ocrx_word' id='word_1_96' title='bbox 294 1008 334 1033; x_wconf 88' lang='lat' dir='ltr'>se</span> <span class='ocrx_word' id='word_1_97' title='bbox 354 1001 526 1044; x_wconf 80' lang='lat' dir='ltr'>vetante,</span> <span class='ocrx_word' id='word_1_98' title='bbox 549 1001 774 1047; x_wconf 80' lang='lat' dir='ltr'>pugnasset,</span> <span class='ocrx_word' id='word_1_99' title='bbox 797 995 950 1046; x_wconf 80' lang='lat' dir='ltr'>ingenti</span> <span class='ocrx_word' id='word_1_100' title='bbox 964 996 1098 1033; x_wconf 86' lang='lat' dir='ltr'>favore</span> <span class='ocrx_word' id='word_1_101' title='bbox 1118 985 1298 1033; x_wconf 78' lang='lat' dir='ltr'>militum&#39;</span> <span class='ocrx_word' id='word_1_102' title='bbox 1309 999 1350 1033; x_wconf 90' lang='lat' dir='ltr'>et</span> 
     </span>
     <span class='ocr_line' id='line_1_15' title="bbox 151 1059 1346 1110; baseline 0.001 -14"><span class='ocrx_word' id='word_1_103' title='bbox 151 1059 287 1109; x_wconf 89' lang='lat' dir='ltr'>populi</span> <span class='ocrx_word' id='word_1_104' title='bbox 311 1059 501 1099; x_wconf 88' lang='lat' dir='ltr'>liberatus</span> <span class='ocrx_word' id='word_1_105' title='bbox 522 1066 592 1106; x_wconf 88' lang='lat' dir='ltr'>est,</span> <span class='ocrx_word' id='word_1_106' title='bbox 614 1065 726 1098; x_wconf 89' lang='lat' dir='ltr'>tanta</span> <span class='ocrx_word' id='word_1_107' title='bbox 746 1059 906 1110; x_wconf 87' lang='lat' dir='ltr'>Papirio</span> <span class='ocrx_word' id='word_1_108' title='bbox 927 1059 1120 1098; x_wconf 87' lang='lat' dir='ltr'>seditione</span> <span class='ocrx_word' id='word_1_109' title='bbox 1140 1066 1346 1105; x_wconf 86' lang='lat' dir='ltr'>commota,</span> 
     </span>
     <span class='ocr_line' id='line_1_16' title="bbox 152 1125 768 1175; baseline 0.002 -14"><span class='ocrx_word' id='word_1_110' title='bbox 152 1131 196 1161; x_wconf 88' lang='lat' dir='ltr'>ut</span> <span class='ocrx_word' id='word_1_111' title='bbox 221 1137 343 1174; x_wconf 86' lang='lat' dir='ltr'>paene</span> <span class='ocrx_word' id='word_1_112' title='bbox 366 1125 450 1175; x_wconf 91' lang='lat' dir='ltr'>ipse</span> <span class='ocrx_word' id='word_1_113' title='bbox 470 1125 768 1163; x_wconf 87' lang='lat' dir='ltr'>interficeretur.</span> 
     </span>
     <span class='ocr_line' id='line_1_17' title="bbox 206 1187 1347 1229; baseline 0 -1"><span class='ocrx_word' id='word_1_114' title='bbox 206 1188 250 1228; x_wconf 83' lang='lat'>9.</span> <span class='ocrx_word' id='word_1_115' title='bbox 282 1187 336 1229; x_wconf 90' lang='lat' dir='ltr'>A.</span> <span class='ocrx_word' id='word_1_116' title='bbox 369 1189 514 1228; x_wconf 88' lang='lat' dir='ltr'>Postea</span> <span class='ocrx_word' id='word_1_117' title='bbox 551 1189 750 1228; x_wconf 85' lang='lat' dir='ltr'>Samnites</span> <span class='ocrx_word' id='word_1_118' title='bbox 789 1190 990 1227; x_wconf 86' lang='lat' dir='ltr'>Romanos</span> <span class='ocrx_word' id='word_1_119' title='bbox 1028 1188 1070 1227; x_wconf 89' lang='lat' dir='ltr'>T.</span> <span class='ocrx_word' id='word_1_120' title='bbox 1108 1188 1275 1227; x_wconf 89' lang='lat' dir='ltr'>Veturio</span> <span class='ocrx_word' id='word_1_121' title='bbox 1308 1193 1347 1228; x_wconf 88' lang='lat' dir='ltr'>et</span> 
     </span>
     <span class='ocr_line' id='line_1_18' title="bbox 76 1252 1348 1306; baseline 0 -15"><span class='ocrx_word' id='word_1_122' title='bbox 76 1275 140 1306; x_wconf 83' lang='lat'>310</span> <span class='ocrx_word' id='word_1_123' title='bbox 178 1260 273 1285; x_wconf 67' lang='lat' dir='ltr'>Battle</span> <span class='ocrx_word' id='word_1_124' title='bbox 354 1253 418 1304; x_wconf 88' lang='lat' dir='ltr'>Sp.</span> <span class='ocrx_word' id='word_1_125' title='bbox 459 1254 665 1292; x_wconf 90' lang='lat' dir='ltr'>Postumio</span> <span class='ocrx_word' id='word_1_126' title='bbox 703 1253 929 1292; x_wconf 87' lang='lat' dir='ltr'>consulibus</span> <span class='ocrx_word' id='word_1_127' title='bbox 966 1253 1117 1303; x_wconf 85' lang='lat' dir='ltr'>ingenti</span> <span class='ocrx_word' id='word_1_128' title='bbox 1159 1252 1348 1292; x_wconf 90' lang='lat' dir='ltr'>dedecore</span> 
     </span>
    </p>
   </div>
   <div class='ocr_carea' id='block_1_3' title="bbox 153 1293 1347 1385">
    <p class='ocr_par' dir='ltr' id='par_1_3' title="bbox 153 1293 1347 1385">
     <span class='ocr_line' id='line_1_19' title="bbox 153 1293 1347 1385; baseline -0.001 -28"><span class='ocrx_word' id='word_1_129' title='bbox 153 1293 284 1385; x_wconf 53' lang='grc' dir='ltr'>ΟΞέᾆΞιΞο</span> <span class='ocrx_word' id='word_1_130' title='bbox 353 1319 534 1358; x_wconf 79' lang='lat' dir='ltr'>vicerunt</span> <span class='ocrx_word' id='word_1_131' title='bbox 584 1324 624 1358; x_wconf 90' lang='lat' dir='ltr'>et</span> <span class='ocrx_word' id='word_1_132' title='bbox 670 1319 742 1357; x_wconf 86' lang='lat' dir='ltr'>sub</span> <span class='ocrx_word' id='word_1_133' title='bbox 785 1318 928 1369; x_wconf 86' lang='lat' dir='ltr'>jugum</span> <span class='ocrx_word' id='word_1_134' title='bbox 983 1318 1185 1356; x_wconf 88' lang='lat' dir='ltr'>miserunt.</span> <span class='ocrx_word' id='word_1_135' title='bbox 1262 1317 1347 1356; x_wconf 83' lang='lat' dir='ltr'>Pax</span> 
     </span>
    </p>
   </div>
   <div class='ocr_carea' id='block_1_4' title="bbox 75 1382 1349 2012">
    <p class='ocr_par' dir='ltr' id='par_1_4' title="bbox 75 1382 1349 2012">
     <span class='ocr_line' id='line_1_20' title="bbox 153 1382 1348 1434; baseline -0.001 -13"><span class='ocrx_word' id='word_1_136' title='bbox 153 1400 204 1419; x_wconf 64' lang='lat' dir='ltr'>ac.</span> <span class='ocrx_word' id='word_1_137' title='bbox 220 1395 280 1422; x_wconf 88' lang='lat'><strong>321.</strong></span> <span class='ocrx_word' id='word_1_138' title='bbox 352 1390 486 1423; x_wconf 89' lang='lat' dir='ltr'>tamen</span> <span class='ocrx_word' id='word_1_139' title='bbox 517 1398 539 1423; x_wconf 91' lang='lat' dir='ltr'>a</span> <span class='ocrx_word' id='word_1_140' title='bbox 567 1389 707 1422; x_wconf 88' lang='lat' dir='ltr'>senatu</span> <span class='ocrx_word' id='word_1_141' title='bbox 737 1388 776 1422; x_wconf 89' lang='lat' dir='ltr'>et</span> <span class='ocrx_word' id='word_1_142' title='bbox 806 1382 950 1434; x_wconf 88' lang='lat' dir='ltr'>populo</span> <span class='ocrx_word' id='word_1_143' title='bbox 980 1382 1109 1421; x_wconf 88' lang='lat' dir='ltr'>soluta</span> <span class='ocrx_word' id='word_1_144' title='bbox 1137 1388 1206 1430; x_wconf 85' lang='lat' dir='ltr'>est,</span> <span class='ocrx_word' id='word_1_145' title='bbox 1247 1395 1348 1433; x_wconf 87' lang='lat' dir='ltr'>quae</span> 
     </span>
     <span class='ocr_line' id='line_1_21' title="bbox 152 1446 1349 1500; baseline -0.002 -13"><span class='ocrx_word' id='word_1_146' title='bbox 152 1463 239 1488; x_wconf 89' lang='lat' dir='ltr'>cum</span> <span class='ocrx_word' id='word_1_147' title='bbox 266 1449 361 1500; x_wconf 89' lang='lat' dir='ltr'>ipsis</span> <span class='ocrx_word' id='word_1_148' title='bbox 389 1454 550 1499; x_wconf 84' lang='lat' dir='ltr'>propter</span> <span class='ocrx_word' id='word_1_149' title='bbox 575 1448 850 1487; x_wconf 85' lang='lat' dir='ltr'>necessitatem</span> <span class='ocrx_word' id='word_1_150' title='bbox 879 1447 981 1485; x_wconf 88' lang='lat' dir='ltr'>facta</span> <span class='ocrx_word' id='word_1_151' title='bbox 1009 1447 1147 1485; x_wconf 87' lang='lat' dir='ltr'>suerat.</span> <span class='ocrx_word' id='word_1_152' title='bbox 1206 1446 1349 1486; x_wconf 88' lang='lat' dir='ltr'>Postea</span> 
     </span>
     <span class='ocr_line' id='line_1_22' title="bbox 153 1510 1346 1562; baseline -0.003 -9"><span class='ocrx_word' id='word_1_153' title='bbox 153 1515 351 1553; x_wconf 87' lang='lat' dir='ltr'>Samnites</span> <span class='ocrx_word' id='word_1_154' title='bbox 391 1513 486 1551; x_wconf 90' lang='lat' dir='ltr'>victi</span> <span class='ocrx_word' id='word_1_155' title='bbox 525 1519 618 1551; x_wconf 89' lang='lat' dir='ltr'>sunt</span> <span class='ocrx_word' id='word_1_156' title='bbox 656 1526 677 1550; x_wconf 88' lang='lat' dir='ltr'>a</span> <span class='ocrx_word' id='word_1_157' title='bbox 711 1512 751 1550; x_wconf 94' lang='lat' dir='ltr'>L.</span> <span class='ocrx_word' id='word_1_158' title='bbox 790 1511 948 1562; x_wconf 87' lang='lat' dir='ltr'>Papirio</span> <span class='ocrx_word' id='word_1_159' title='bbox 987 1510 1157 1558; x_wconf 87' lang='lat' dir='ltr'>consule,</span> <span class='ocrx_word' id='word_1_160' title='bbox 1195 1516 1346 1561; x_wconf 87' lang='lat' dir='ltr'>septem</span> 
     </span>
     <span class='ocr_line' id='line_1_23' title="bbox 77 1575 1346 1630; baseline -0.002 -13"><span class='ocrx_word' id='word_1_161' title='bbox 77 1596 137 1630; x_wconf 82' lang='lat'>315</span> <span class='ocrx_word' id='word_1_162' title='bbox 152 1579 260 1617; x_wconf 88' lang='lat' dir='ltr'>milia</span> <span class='ocrx_word' id='word_1_163' title='bbox 289 1592 424 1617; x_wconf 86' lang='lat' dir='ltr'>eorum</span> <span class='ocrx_word' id='word_1_164' title='bbox 454 1578 527 1615; x_wconf 84' lang='lat' dir='ltr'>sub</span> <span class='ocrx_word' id='word_1_165' title='bbox 554 1578 694 1629; x_wconf 83' lang='lat' dir='ltr'>jugum</span> <span class='ocrx_word' id='word_1_166' title='bbox 723 1577 851 1614; x_wconf 89' lang='lat' dir='ltr'>missa.</span> <span class='ocrx_word' id='word_1_167' title='bbox 915 1576 1097 1626; x_wconf 88' lang='lat' dir='ltr'>Papirius</span> <span class='ocrx_word' id='word_1_168' title='bbox 1126 1575 1274 1626; x_wconf 84' lang='lat' dir='ltr'>primus</span> <span class='ocrx_word' id='word_1_169' title='bbox 1297 1575 1346 1615; x_wconf 87' lang='lat' dir='ltr'>de</span> 
     </span>
     <span class='ocr_line' id='line_1_24' title="bbox 151 1639 1347 1692; baseline -0.003 -11"><span class='ocrx_word' id='word_1_170' title='bbox 151 1643 397 1682; x_wconf 82' lang='lat' dir='ltr'>Samnitibus</span> <span class='ocrx_word' id='word_1_171' title='bbox 429 1641 702 1692; x_wconf 78' lang='lat' dir='ltr'>triumphavit.</span> <span class='ocrx_word' id='word_1_172' title='bbox 761 1640 818 1678; x_wconf 89' lang='lat' dir='ltr'>Eo</span> <span class='ocrx_word' id='word_1_173' title='bbox 849 1646 1025 1690; x_wconf 88' lang='lat' dir='ltr'>tempore</span> <span class='ocrx_word' id='word_1_174' title='bbox 1057 1641 1131 1690; x_wconf 89' lang='lat' dir='ltr'>Ap.</span> <span class='ocrx_word' id='word_1_175' title='bbox 1160 1639 1347 1678; x_wconf 84' lang='lat' dir='ltr'>Claudius</span> 
     </span>
     <span class='ocr_line' id='line_1_25' title="bbox 151 1704 1344 1757; baseline -0.004 -10"><span class='ocrx_word' id='word_1_176' title='bbox 151 1721 289 1747; x_wconf 88' lang='lat' dir='ltr'>censor</span> <span class='ocrx_word' id='word_1_177' title='bbox 327 1720 468 1757; x_wconf 88' lang='lat' dir='ltr'>aquam</span> <span class='ocrx_word' id='word_1_178' title='bbox 508 1705 715 1745; x_wconf 87' lang='lat' dir='ltr'>Claudiam</span> <span class='ocrx_word' id='word_1_179' title='bbox 754 1705 916 1743; x_wconf 85' lang='lat' dir='ltr'>induxit</span> <span class='ocrx_word' id='word_1_180' title='bbox 953 1711 992 1743; x_wconf 88' lang='lat' dir='ltr'>et</span> <span class='ocrx_word' id='word_1_181' title='bbox 1031 1705 1135 1742; x_wconf 81' lang='lat' dir='ltr'>viam</span> <span class='ocrx_word' id='word_1_182' title='bbox 1173 1704 1344 1755; x_wconf 88' lang='lat' dir='ltr'>Appiam</span> 
     </span>
     <span class='ocr_line' id='line_1_26' title="bbox 151 1768 1347 1820; baseline -0.003 -9"><span class='ocrx_word' id='word_1_183' title='bbox 151 1772 302 1811; x_wconf 83' lang='lat' dir='ltr'>stravit.</span> <span class='ocrx_word' id='word_1_184' title='bbox 374 1771 570 1809; x_wconf 86' lang='lat' dir='ltr'>Samnites</span> <span class='ocrx_word' id='word_1_185' title='bbox 602 1775 782 1820; x_wconf 84' lang='lat' dir='ltr'>reparato</span> <span class='ocrx_word' id='word_1_186' title='bbox 812 1769 913 1807; x_wconf 87' lang='lat' dir='ltr'>bello</span> <span class='ocrx_word' id='word_1_187' title='bbox 949 1769 991 1816; x_wconf 78' lang='lat' dir='ltr'>Q.</span> <span class='ocrx_word' id='word_1_188' title='bbox 1024 1768 1190 1807; x_wconf 84' lang='lat' dir='ltr'>Fabium</span> <span class='ocrx_word' id='word_1_189' title='bbox 1220 1769 1347 1807; x_wconf 84' lang='lat' dir='ltr'>Maxi-</span> 
     </span>
     <span class='ocr_line' id='line_1_27' title="bbox 149 1833 1341 1882; baseline -0.003 -7"><span class='ocrx_word' id='word_1_190' title='bbox 149 1851 259 1875; x_wconf 89' lang='lat' dir='ltr'>mum</span> <span class='ocrx_word' id='word_1_191' title='bbox 306 1837 498 1882; x_wconf 73' lang='lat' dir='ltr'>vicerunt,</span> <span class='ocrx_word' id='word_1_192' title='bbox 547 1835 675 1873; x_wconf 86' lang='lat' dir='ltr'>tribus</span> <span class='ocrx_word' id='word_1_193' title='bbox 731 1834 889 1872; x_wconf 86' lang='lat' dir='ltr'>milibus</span> <span class='ocrx_word' id='word_1_194' title='bbox 941 1833 1144 1871; x_wconf 87' lang='lat' dir='ltr'>hominum</span> <span class='ocrx_word' id='word_1_195' title='bbox 1197 1833 1341 1872; x_wconf 84' lang='lat' dir='ltr'>occisis.</span> 
     </span>
     <span class='ocr_line' id='line_1_28' title="bbox 75 1897 1346 1951; baseline -0.004 -10"><span class='ocrx_word' id='word_1_196' title='bbox 75 1919 137 1951; x_wconf 88' lang='lat'>320</span> <span class='ocrx_word' id='word_1_197' title='bbox 150 1902 199 1943; x_wconf 90' lang='lat' dir='ltr'>B.</span> <span class='ocrx_word' id='word_1_198' title='bbox 240 1902 393 1948; x_wconf 86' lang='lat' dir='ltr'>Postea,</span> <span class='ocrx_word' id='word_1_199' title='bbox 435 1913 520 1938; x_wconf 90' lang='lat' dir='ltr'>cum</span> <span class='ocrx_word' id='word_1_200' title='bbox 561 1904 673 1950; x_wconf 90' lang='lat' dir='ltr'>pater</span> <span class='ocrx_word' id='word_1_201' title='bbox 707 1899 741 1936; x_wconf 88' lang='lat' dir='ltr'>ei</span> <span class='ocrx_word' id='word_1_202' title='bbox 775 1898 920 1936; x_wconf 85' lang='lat' dir='ltr'>Fabius</span> <span class='ocrx_word' id='word_1_203' title='bbox 957 1897 1157 1936; x_wconf 82' lang='lat' dir='ltr'>Maximus</span> <span class='ocrx_word' id='word_1_204' title='bbox 1195 1897 1346 1949; x_wconf 84' lang='lat' dir='ltr'>legatus</span> 
     </span>
     <span class='ocr_line' id='line_1_29' title="bbox 150 1961 1344 2012; baseline -0.003 -7"><span class='ocrx_word' id='word_1_205' title='bbox 150 1966 265 2005; x_wconf 82' lang='lat' dir='ltr'>datus</span> <span class='ocrx_word' id='word_1_206' title='bbox 297 1965 447 2009; x_wconf 87' lang='lat' dir='ltr'>fuisset,</span> <span class='ocrx_word' id='word_1_207' title='bbox 483 1969 523 2002; x_wconf 90' lang='lat' dir='ltr'>et</span> <span class='ocrx_word' id='word_1_208' title='bbox 552 1963 751 2002; x_wconf 89' lang='lat' dir='ltr'>Samnitas</span> <span class='ocrx_word' id='word_1_209' title='bbox 780 1962 875 2001; x_wconf 88' lang='lat' dir='ltr'>vicit</span> <span class='ocrx_word' id='word_1_210' title='bbox 904 1968 944 2000; x_wconf 92' lang='lat' dir='ltr'>et</span> <span class='ocrx_word' id='word_1_211' title='bbox 973 1961 1142 2012; x_wconf 90' lang='lat' dir='ltr'>plurima</span> <span class='ocrx_word' id='word_1_212' title='bbox 1170 1962 1344 2012; x_wconf 90' lang='lat' dir='ltr'>ipsorum</span> 
     </span>
    </p>
   </div>
  </div>
 </body>
</html>
