1442 2199
145 126 190 162 16
462 124 668 157 EUTROPI
694 124 948 156 BREVIARII
976 125 1021 156 Π.

65 232 289 282 35oenelum
340 245 479 270 manus
521 231 667 270 dicitur
709 245 796 270 cum
844 231 915 271 hac
962 245 1082 270 voce:
1130 244 1170 269 se
1212 230 1336 269 totius

139 297 244 335 orbis
282 297 489 335 dominum
528 309 611 335 esse
649 297 835 347 potuisse,
868 297 900 334 si
938 296 1037 334 tales
1075 296 1151 334 sibi
1188 295 1335 334 milites

139 362 406 413 contigissent.
420 367 430 377 ‘

194 427 260 468 12.
283 426 338 468 A.
371 427 515 465 Postea
545 426 693 476 Pyrrus
722 426 942 477 conjunctis
972 426 1046 465 sibi
1077 425 1332 472 Samnitibus,

138 519 275 545 Advance
288 519 318 544 of
339 491 517 539 Lucanis,
563 491 719 529 Brittiis
762 491 928 529 Romam
972 490 1160 541 perrexit,
1203 489 1335 528 omnia

64 572 124 606 355
167 554 284 585 Pyrrus.
339 556 443 594 ferro
483 555 643 606 ignique
687 555 870 601 vastavit,
914 553 1171 605 Campaniam
1214 565 1335 604 popu-

137 620 241 658 latus
270 624 330 658 est
358 625 477 670 atque
506 619 555 658 ad
583 619 796 658 Praeneste
823 619 942 666 venit,
965 618 1134 658 miliario
1163 617 1212 656 ab
1237 617 1334 656 urbe

138 690 277 724 octavo
297 684 458 723 decimo.
518 684 617 722 Mox
637 689 785 722 terrore
810 684 1016 729 exercitus,
1039 683 1107 734 qui
1134 695 1224 721 eum
1245 695 1333 720 cum

137 749 296 788 consule
316 749 564 799 sequebatur,
583 748 623 786 in
645 748 902 798 Campaniam
922 761 962 786 se
982 747 1138 798 recepit.
1180 746 1332 797 Legati,

137 815 187 853 ad
207 814 379 864 Pyrrum
399 813 448 852 de
463 812 705 852 redimendis
721 813 888 863 captivis
907 813 1027 860 missi,
1045 813 1094 851 ab
1115 825 1160 850 eo
1179 811 1334 850 honori-

64 888 125 928 360
138 880 207 918 fiee
223 869 394 928 suscepti
415 883 517 916 sunt.
567 878 756 928 Captivos
772 878 857 916 sine
877 877 1005 928 pretio
1025 877 1192 915 Romam
1212 876 1330 915 misit.

138 943 187 984 B.
237 943 376 982 Unum
414 957 464 981 ex
510 942 649 993 legatis
683 942 962 990 Romanorum,
1003 942 1238 988 Fabricium,
1278 941 1333 980 sic

138 1008 364 1055 admiratus
401 1021 487 1045 cum
519 1020 608 1045 eum
637 1020 850 1057 pauperem
885 1020 968 1045 esse
997 1006 1255 1058 cognovisset,
1287 1010 1333 1044 ut

137 1078 278 1124 quarta
298 1078 409 1123 parte
430 1072 540 1123 regni
560 1072 752 1122 promissa
778 1071 988 1109 sollicitare
1012 1071 1192 1118 voluerit,
1213 1076 1259 1109 ut
1281 1069 1331 1108 ad

136 1151 176 1177 se
206 1137 404 1184 transiret,
435 1141 765 1187 contemptusque
796 1141 856 1174 est
888 1149 910 1174 a
939 1135 1129 1174 Fabricio.
1203 1134 1331 1183 Quare

58 1206 121 1252 ‘365
136 1216 224 1241 eum
251 1203 402 1252 Pyrrus
426 1201 694 1239 Romanorum
719 1200 872 1251 ingenti
895 1199 1157 1238 admiratione
1183 1204 1332 1238 tenere-

135 1273 210 1314 tur,
246 1266 421 1317 legatum
456 1265 574 1313 misit,
607 1265 673 1315 qui
703 1278 838 1315 pacem
869 1264 1004 1314 aequis
1038 1263 1332 1302 conditionibus

135 1337 299 1383 peteret,
331 1330 585 1382 praecipuum
617 1330 758 1377 virum,
794 1329 958 1367 Cineam
990 1329 1160 1376 nomine,
1197 1328 1253 1366 ita
1285 1332 1332 1366 ut

134 1398 284 1449 Pyrrus
309 1400 463 1446 partem
490 1394 640 1442 Italiae,
670 1407 787 1444 quam
804 1393 888 1444 jam
915 1393 1034 1431 armis
1059 1397 1328 1443 occupaverat,

134 1461 342 1500 obtineret.

58 1541 120 1573 370
188 1525 255 1567 13.
288 1525 372 1563 Pax
411 1523 625 1574 displicuit,
661 1522 1016 1572 remandatumque
1053 1521 1179 1571 Pyrro
1216 1525 1276 1559 est
1308 1533 1331 1558 a

133 1618 257 1643 Μίδεω
269 1617 298 1642 of
333 1593 473 1627 senatu
517 1601 607 1626 eum
646 1600 735 1626 cum
773 1586 973 1634 Romanis,
1009 1585 1086 1623 nisi
1124 1598 1174 1624 ex
1213 1584 1331 1623 Italia

154 1652 268 1677 Cineas·
332 1653 565 1698 recessisset,
596 1665 732 1702 pacem
761 1651 904 1689 habere
934 1663 1014 1688 non
1044 1662 1169 1700 posse.
1227 1649 1329 1687 Tum

130 1718 299 1757 Romani
324 1717 529 1767 jusserunt
557 1716 733 1766 captivos
762 1728 908 1762 omnes,
940 1727 1037 1764 quos
1067 1713 1216 1764 Pyrrus
1244 1712 1329 1751 red-

128 1783 295 1828 diderat,
324 1782 488 1819 infames
515 1780 662 1826 haberi,
690 1779 796 1830 quod
821 1779 962 1818 armati
987 1778 1071 1828 capi
1092 1777 1326 1828 potuissent,

53 1863 114 1897 375
128 1861 199 1886 nee
237 1852 329 1885 ante
363 1859 428 1884 eos
463 1845 512 1883 ad
546 1850 721 1883 veterem
756 1849 904 1882 statum
943 1843 1100 1890 reverti,
1137 1855 1255 1892 quam
1293 1841 1325 1880 si

127 1912 310 1949 binorum
340 1909 514 1948 hostium
548 1909 763 1947 occisorum
793 1907 917 1959 spolia
944 1906 1202 1945 rettulissent.
1262 1905 1326 1944 Ita

126 1976 278 2027 legatus
311 1974 426 2023 Pyrri
461 1986 640 2011 reversus
675 1978 744 2010 est.
818 1973 853 2009 A
888 1984 966 2021 quo
996 1984 1082 2008 cum
1118 1975 1325 2020 quaereret
