1442 2199
390 101 598 134 EUTROPI
624 101 881 133 BREVIARII
907 101 953 133 ΙΙ.
1223 103 1268 140 17

76 207 233 258 Pyrrus,
274 209 428 260 qualem
467 210 633 248 Romam
677 209 940 259 comperisset,
986 208 1129 248 Cineas
1167 209 1271 247 dixit

76 285 211 323 regum
251 287 290 312 se
330 275 496 324 patriam
537 274 708 322 vidissc5
751 274 899 312 scilicet
937 273 1036 312 tales
1072 273 1152 312 illic
1190 274 1270 312 fere

75 350 211 376 omnes
273 352 366 387 esse,
403 339 530 389 qualis
564 352 666 377 unus
705 339 854 389 Pyrrus
893 339 998 390 apud
1033 338 1198 389 Epirum
1231 344 1271 377 et
1284 341 1346 381 380

74 401 266 453 reliquam
306 404 511 442 Graeciam
551 410 770 454 putaretur.
842 403 956 442 Missi
1004 409 1097 442 sunt
1134 408 1271 442 contra

76 466 245 517 Pyrrum
275 467 394 506 duces
423 468 466 507 P.
496 467 692 518 Sulpicius
720 474 759 506 et
786 467 930 506 Decius
960 468 1052 506 Mus
1079 469 1267 507 consules.

75 530 299 571 Certamine
319 533 535 579 commisso,
554 533 701 583 Pyrrus
718 532 949 571 vulneratus
970 537 1040 580 est,
1059 533 1270 583 elephanto

73 595 291 643 interfecto,
315 597 457 648 viginti
481 597 589 636 milia
613 611 723 636 caesa
742 597 926 645 hostium,
951 601 991 635 et
1011 611 1059 635 ex
1080 598 1269 636 Romanis

74 666 230 699 tantum
251 662 425 712 quinque
447 662 554 700 milia
571 678 577 701 :
608 662 758 713 Pyrrus
779 662 996 700 Tarentum
1017 662 1186 714 fugatus.
1283 665 1343 706 385

128 725 196 766 14.
219 725 274 767 A.
306 726 523 778 Interjecto
557 740 660 765 anno
695 732 832 765 contra
865 726 1035 776 Pyrrum
1066 727 1269 766 Fabricius

72 795 133 828 est
157 790 311 839 missus,
333 792 400 842 qui
426 791 536 842 prius
562 792 667 829 inter
691 791 840 842 legatos
869 791 1071 829 sollicitari
1119 800 1269 859 Intefgrity

72 868 151 893 non
186 860 353 906 poterat,
394 862 535 906 quarta
567 856 679 907 regni
715 860 827 906 parte
862 856 1063 906 promissa.
1103 841 1265 893 Fabiqicius.

72 918 183 967 Tum,
207 932 295 957 cum
316 920 445 958 vicina
464 925 591 958 castra
610 920 693 970 ipse
714 925 754 958 et
775 933 846 958 rex
866 920 1069 966 haberent,
1092 919 1268 958 medicus

71 983 187 1034 Pyrri
224 989 339 1023 nocte
377 984 426 1023 ad
465 998 555 1023 eum
593 985 713 1031 venit,
754 985 992 1035 promittens
1031 998 1184 1023 veneno
1227 998 1267 1023 se
1281 996 1343 1028 390

72 1047 241 1098 Pyrrum
263 1049 490 1097 occisurum,
510 1049 542 1087 si
563 1049 637 1087 sibi
659 1049 809 1099 aliquid
831 1049 1093 1099 polliceretur.
1140 1049 1266 1097 Quem

71 1112 272 1151 Fabricius
298 1114 476 1152 vinctum
503 1114 638 1152 reduci
661 1115 780 1164 jussit
807 1114 857 1153 ad
884 1114 1101 1162 dominum,
1126 1114 1267 1166 Pyrro-

71 1191 146 1228 que
163 1177 238 1216 dici
259 1191 359 1229 quae
380 1183 516 1217 contra
536 1183 654 1229 caput
675 1179 760 1228 ejus
780 1178 955 1217 medicus
976 1178 1262 1230 spopondisset.

71 1242 172 1280 Tum
209 1256 280 1281 rex
314 1243 532 1290 admiratus
570 1257 663 1297 eum⁸
692 1243 840 1281 dixisse
878 1244 1027 1282 fertur:
1073 1243 1169 1282 ‘Ille
1207 1250 1267 1282 est

70 1306 282 1355 Fabricius,
323 1308 389 1358 qui
428 1308 624 1346 difficilius
661 1308 710 1346 ab
747 1307 955 1346 honestate
994 1321 1111 1358 quam
1150 1309 1207 1346 sol
1245 1320 1340 1352 a395

70 1385 182 1410 curso
225 1385 295 1410 suo
343 1373 469 1411 averti
512 1371 666 1423 potest?
728 1372 831 1410 Tum
878 1385 949 1411 rex
993 1372 1043 1411 ad
1093 1373 1265 1411 Siciliam

68 1436 267 1486 profectus
302 1442 371 1475 est.
431 1436 635 1475 Fabricius
665 1437 780 1475 victis
809 1436 978 1476 Lucanis
1008 1443 1048 1475 et
1081 1436 1266 1476 Samniti—

67 1500 140 1538 bus
168 1501 440 1551 triumphavit.

122 1565 172 1606 B.
205 1565 393 1604 Consules
423 1565 567 1604 deinde
602 1565 667 1603 Μ’.
701 1565 843 1604 Curius
877 1565 1076 1604 Dentatus
1106 1571 1145 1604 et
1174 1566 1265 1605 Cor-

67 1629 193 1668 nelius
239 1629 432 1668 Lentulus
479 1630 688 1668 adversum
735 1630 906 1680 Pyrrum
952 1630 1061 1668 missi
1086 1639 1263 1664 Defeatand
1276 1643 1340 1673 400

68 1699 170 1733 sunt.
243 1695 386 1733 Curius
420 1700 557 1733 contra
591 1708 680 1733 eum
713 1695 919 1745 pugnavit,
955 1708 1062 1733 exer·
1114 1672 1234 1738 1³3¹ssss

68 1759 188 1797 citum
219 1760 304 1809 ejus
334 1759 486 1807 cecidit,
516 1760 645 1810 ipsum
675 1759 893 1797 Tarentum
948 1758 1114 1810 fugavit,
1138 1763 1265 1796 castra

68 1823 182 1873 cepit.
258 1823 316 1861 Ea
361 1823 425 1862 die
464 1837 573 1862 caesa
610 1823 783 1861 hostium
827 1823 970 1874 viginti
1018 1824 1095 1861 tria
1142 1823 1261 1861 milia.

67 1888 210 1926 Curius
243 1888 283 1925 in
319 1888 524 1926 consulatu
558 1887 829 1938 triumphavit.
901 1888 1059 1925 Primus
1096 1888 1263 1925 Romam

69 1951 299 2003 elephantos
326 1958 514 2003 quattuor
540 1952 666 1991 duxit.
726 1952 876 2002 Pyrrus
901 1952 1019 1990 etiam
1045 1965 1066 1990 a
1091 1951 1262 1990 Tarento
1275 1966 1338 2000 405
