<?xml version="1.0" encoding="UTF-8"?>
<!DOCTYPE html PUBLIC "-//W3C//DTD XHTML 1.0 Transitional//EN"
    "http://www.w3.org/TR/xhtml1/DTD/xhtml1-transitional.dtd">
<html xmlns="http://www.w3.org/1999/xhtml" xml:lang="en" lang="en">
 <head>
  <title>
</title>
<meta http-equiv="Content-Type" content="text/html;charset=utf-8" />
  <meta name='ocr-system' content='tesseract 3.04.00' />
  <meta name='ocr-capabilities' content='ocr_page ocr_carea ocr_par ocr_line ocrx_word'/>
</head>
<body>
  <div class='ocr_page' id='page_1' title='image "./booksiii00eutruoft_0025.png"; bbox 0 0 1442 2199; ppageno 0'>
   <div class='ocr_carea' id='block_1_1' title="bbox 452 71 1323 109">
    <p class='ocr_par' dir='ltr' id='par_1_1' title="bbox 452 71 1323 109">
     <span class='ocr_line' id='line_1_1' title="bbox 452 71 1323 109; baseline 0.001 -7"><span class='ocrx_word' id='word_1_1' title='bbox 452 71 662 103; x_wconf 79' lang='lat' dir='ltr'>EUTROPI</span> <span class='ocrx_word' id='word_1_2' title='bbox 686 71 943 102; x_wconf 71' lang='lat' dir='ltr'>BREVIARII</span> <span class='ocrx_word' id='word_1_3' title='bbox 966 71 994 103; x_wconf 94' lang='grc' dir='ltr'>Ι.</span> <span class='ocrx_word' id='word_1_4' title='bbox 1302 72 1323 109; x_wconf 84' lang='grc'>7</span> 
     </span>
    </p>
   </div>
   <div class='ocr_carea' id='block_1_2' title="bbox 125 177 1401 1380">
    <p class='ocr_par' dir='ltr' id='par_1_2' title="bbox 125 177 1401 1380">
     <span class='ocr_line' id='line_1_2' title="bbox 128 177 1321 229; baseline 0 -14"><span class='ocrx_word' id='word_1_5' title='bbox 128 177 344 228; x_wconf 87' lang='lat' dir='ltr'>Tarquinio</span> <span class='ocrx_word' id='word_1_6' title='bbox 396 178 595 217; x_wconf 71' lang='lat' dir='ltr'>Collatino</span> <span class='ocrx_word' id='word_1_7' title='bbox 643 179 779 216; x_wconf 86' lang='lat' dir='ltr'>statim</span> <span class='ocrx_word' id='word_1_8' title='bbox 827 178 983 217; x_wconf 80' lang='lat' dir='ltr'>sublata</span> <span class='ocrx_word' id='word_1_9' title='bbox 1030 184 1089 216; x_wconf 87' lang='lat' dir='ltr'>est</span> <span class='ocrx_word' id='word_1_10' title='bbox 1138 177 1321 229; x_wconf 75' lang='lat' dir='ltr'>dignitas.</span> 
     </span>
     <span class='ocr_line' id='line_1_3' title="bbox 128 241 1325 294; baseline 0.001 -15"><span class='ocrx_word' id='word_1_11' title='bbox 128 241 335 281; x_wconf 75' lang='lat' dir='ltr'>Placuerat</span> <span class='ocrx_word' id='word_1_12' title='bbox 368 243 485 290; x_wconf 87' lang='lat' dir='ltr'>cuim,</span> <span class='ocrx_word' id='word_1_13' title='bbox 515 256 564 281; x_wconf 88' lang='lat' dir='ltr'>nc</span> <span class='ocrx_word' id='word_1_14' title='bbox 595 244 803 294; x_wconf 86' lang='lat' dir='ltr'>quisquam</span> <span class='ocrx_word' id='word_1_15' title='bbox 832 243 872 280; x_wconf 92' lang='lat' dir='ltr'>in</span> <span class='ocrx_word' id='word_1_16' title='bbox 903 243 1000 281; x_wconf 86' lang='lat' dir='ltr'>urbe</span> <span class='ocrx_word' id='word_1_17' title='bbox 1036 249 1224 288; x_wconf 82' lang='lat' dir='ltr'>maneret,</span> <span class='ocrx_word' id='word_1_18' title='bbox 1256 242 1325 292; x_wconf 88' lang='lat' dir='ltr'>qui</span> 
     </span>
     <span class='ocr_line' id='line_1_4' title="bbox 128 305 1325 359; baseline 0.001 -15"><span class='ocrx_word' id='word_1_19' title='bbox 128 305 367 357; x_wconf 87' lang='lat' dir='ltr'>Tarquinius</span> <span class='ocrx_word' id='word_1_20' title='bbox 382 313 598 346; x_wconf 86' lang='lat' dir='ltr'>vocaretur.</span> <span class='ocrx_word' id='word_1_21' title='bbox 648 308 762 359; x_wconf 82' lang='lat' dir='ltr'>Ergo,</span> <span class='ocrx_word' id='word_1_22' title='bbox 782 313 940 358; x_wconf 84' lang='lat' dir='ltr'>accepto</span> <span class='ocrx_word' id='word_1_23' title='bbox 961 308 1067 346; x_wconf 88' lang='lat' dir='ltr'>omni</span> <span class='ocrx_word' id='word_1_24' title='bbox 1088 307 1325 357; x_wconf 86' lang='lat' dir='ltr'>patrimonio</span> 
     </span>
     <span class='ocr_line' id='line_1_5' title="bbox 128 371 1400 423; baseline 0.002 -15"><span class='ocrx_word' id='word_1_25' title='bbox 128 383 209 417; x_wconf 89' lang='lat' dir='ltr'>suo,</span> <span class='ocrx_word' id='word_1_26' title='bbox 245 385 294 410; x_wconf 87' lang='lat' dir='ltr'>cx</span> <span class='ocrx_word' id='word_1_27' title='bbox 328 372 423 410; x_wconf 88' lang='lat' dir='ltr'>urbe</span> <span class='ocrx_word' id='word_1_28' title='bbox 458 372 655 423; x_wconf 80' lang='lat' dir='ltr'>migravit,</span> <span class='ocrx_word' id='word_1_29' title='bbox 691 378 732 411; x_wconf 85' lang='lat' dir='ltr'>et</span> <span class='ocrx_word' id='word_1_30' title='bbox 766 372 849 410; x_wconf 89' lang='lat' dir='ltr'>loco</span> <span class='ocrx_word' id='word_1_31' title='bbox 882 372 1008 423; x_wconf 89' lang='lat' dir='ltr'>ipsius</span> <span class='ocrx_word' id='word_1_32' title='bbox 1036 372 1163 410; x_wconf 87' lang='lat' dir='ltr'>factus</span> <span class='ocrx_word' id='word_1_33' title='bbox 1193 377 1253 410; x_wconf 89' lang='lat' dir='ltr'>est</span> <span class='ocrx_word' id='word_1_34' title='bbox 1282 371 1322 409; x_wconf 92' lang='lat' dir='ltr'>L.</span> <span class='ocrx_word' id='word_1_35' title='bbox 1344 388 1400 421; x_wconf 88' lang='lat'>105</span> 
     </span>
     <span class='ocr_line' id='line_1_6' title="bbox 127 436 1325 476; baseline 0.001 -2"><span class='ocrx_word' id='word_1_36' title='bbox 127 436 310 475; x_wconf 88' lang='lat' dir='ltr'>Valerius</span> <span class='ocrx_word' id='word_1_37' title='bbox 330 438 535 476; x_wconf 85' lang='lat' dir='ltr'>Publicola</span> <span class='ocrx_word' id='word_1_38' title='bbox 558 438 703 476; x_wconf 89' lang='lat' dir='ltr'>consul.</span> <span class='ocrx_word' id='word_1_39' title='bbox 764 437 991 476; x_wconf 85' lang='lat' dir='ltr'>Commovit</span> <span class='ocrx_word' id='word_1_40' title='bbox 1017 442 1150 476; x_wconf 86' lang='lat' dir='ltr'>tamen</span> <span class='ocrx_word' id='word_1_41' title='bbox 1177 437 1325 476; x_wconf 89' lang='lat' dir='ltr'>bellum</span> 
     </span>
     <span class='ocr_line' id='line_1_7' title="bbox 127 501 1323 553; baseline 0.001 -14"><span class='ocrx_word' id='word_1_42' title='bbox 127 501 215 540; x_wconf 90' lang='lat' dir='ltr'>urbi</span> <span class='ocrx_word' id='word_1_43' title='bbox 254 502 403 541; x_wconf 86' lang='lat' dir='ltr'>Romae</span> <span class='ocrx_word' id='word_1_44' title='bbox 447 516 517 541; x_wconf 84' lang='lat' dir='ltr'>rex</span> <span class='ocrx_word' id='word_1_45' title='bbox 555 502 806 553; x_wconf 81' lang='lat' dir='ltr'>Tarquinius,</span> <span class='ocrx_word' id='word_1_46' title='bbox 849 503 916 553; x_wconf 89' lang='lat' dir='ltr'>qui</span> <span class='ocrx_word' id='word_1_47' title='bbox 959 502 1088 540; x_wconf 90' lang='lat' dir='ltr'>fuerat</span> <span class='ocrx_word' id='word_1_48' title='bbox 1126 502 1323 553; x_wconf 85' lang='lat' dir='ltr'>expulsus,</span> 
     </span>
     <span class='ocr_line' id='line_1_8' title="bbox 127 566 1327 619; baseline 0.001 -15"><span class='ocrx_word' id='word_1_49' title='bbox 127 571 168 604; x_wconf 88' lang='lat' dir='ltr'>et</span> <span class='ocrx_word' id='word_1_50' title='bbox 205 566 378 606; x_wconf 76' lang='lat' dir='ltr'>collectis</span> <span class='ocrx_word' id='word_1_51' title='bbox 415 567 551 605; x_wconf 87' lang='lat' dir='ltr'>multis</span> <span class='ocrx_word' id='word_1_52' title='bbox 588 568 785 619; x_wconf 80' lang='lat' dir='ltr'>gentibus,</span> <span class='ocrx_word' id='word_1_53' title='bbox 825 572 871 605; x_wconf 88' lang='lat' dir='ltr'>ut</span> <span class='ocrx_word' id='word_1_54' title='bbox 912 567 953 605; x_wconf 91' lang='lat' dir='ltr'>in</span> <span class='ocrx_word' id='word_1_55' title='bbox 991 580 1156 618; x_wconf 82' lang='lat' dir='ltr'>regnum</span> <span class='ocrx_word' id='word_1_56' title='bbox 1194 572 1327 618; x_wconf 89' lang='lat' dir='ltr'>posset</span> 
     </span>
     <span class='ocr_line' id='line_1_9' title="bbox 127 632 1326 682; baseline 0.001 -13"><span class='ocrx_word' id='word_1_57' title='bbox 127 632 295 679; x_wconf 87' lang='lat' dir='ltr'>restitui,</span> <span class='ocrx_word' id='word_1_58' title='bbox 336 632 549 671; x_wconf 75' lang='lat' dir='ltr'>dimicavit.</span> <span class='ocrx_word' id='word_1_59' title='bbox 628 632 698 674; x_wconf 89' lang='grc'>10.</span> <span class='ocrx_word' id='word_1_60' title='bbox 743 632 792 670; x_wconf 88' lang='lat' dir='ltr'>In</span> <span class='ocrx_word' id='word_1_61' title='bbox 838 632 967 682; x_wconf 90' lang='lat' dir='ltr'>prima</span> <span class='ocrx_word' id='word_1_62' title='bbox 1008 645 1141 682; x_wconf 82' lang='lat' dir='ltr'>pugna</span> <span class='ocrx_word' id='word_1_63' title='bbox 1178 632 1326 670; x_wconf 89' lang='lat' dir='ltr'>Brutus</span> 
     </span>
     <span class='ocr_line' id='line_1_10' title="bbox 127 696 1401 748; baseline 0 -14"><span class='ocrx_word' id='word_1_64' title='bbox 127 696 263 734; x_wconf 91' lang='lat' dir='ltr'>consul</span> <span class='ocrx_word' id='word_1_65' title='bbox 292 702 331 735; x_wconf 93' lang='lat' dir='ltr'>et</span> <span class='ocrx_word' id='word_1_66' title='bbox 360 697 524 742; x_wconf 87' lang='lat' dir='ltr'>Arruns,</span> <span class='ocrx_word' id='word_1_67' title='bbox 561 697 752 748; x_wconf 82' lang='lat' dir='ltr'>Tarquini</span> <span class='ocrx_word' id='word_1_68' title='bbox 782 697 896 745; x_wconf 87' lang='lat' dir='ltr'>filius,</span> <span class='ocrx_word' id='word_1_69' title='bbox 929 697 1098 735; x_wconf 89' lang='lat' dir='ltr'>invicem</span> <span class='ocrx_word' id='word_1_70' title='bbox 1130 710 1169 735; x_wconf 90' lang='lat' dir='ltr'>se</span> <span class='ocrx_word' id='word_1_71' title='bbox 1203 696 1401 736; x_wconf 80' lang='lat' dir='ltr'>occid-110</span> 
     </span>
     <span class='ocr_line' id='line_1_11' title="bbox 127 761 1326 812; baseline 0.002 -14"><span class='ocrx_word' id='word_1_72' title='bbox 127 766 255 808; x_wconf 89' lang='lat' dir='ltr'>erunt,</span> <span class='ocrx_word' id='word_1_73' title='bbox 292 761 462 800; x_wconf 86' lang='lat' dir='ltr'>Romani</span> <span class='ocrx_word' id='word_1_74' title='bbox 496 766 629 799; x_wconf 89' lang='lat' dir='ltr'>tamen</span> <span class='ocrx_word' id='word_1_75' title='bbox 668 775 717 799; x_wconf 87' lang='lat' dir='ltr'>ex</span> <span class='ocrx_word' id='word_1_76' title='bbox 751 775 796 800; x_wconf 85' lang='lat' dir='ltr'>ea</span> <span class='ocrx_word' id='word_1_77' title='bbox 834 775 966 812; x_wconf 83' lang='lat' dir='ltr'>pugna</span> <span class='ocrx_word' id='word_1_78' title='bbox 999 761 1168 800; x_wconf 90' lang='lat' dir='ltr'>victores</span> <span class='ocrx_word' id='word_1_79' title='bbox 1206 775 1326 800; x_wconf 87' lang='lat' dir='ltr'>reces-</span> 
     </span>
     <span class='ocr_line' id='line_1_12' title="bbox 126 826 1325 873; baseline 0.002 -10"><span class='ocrx_word' id='word_1_80' title='bbox 126 831 274 864; x_wconf 81' lang='lat' dir='ltr'>serunt.</span> <span class='ocrx_word' id='word_1_81' title='bbox 349 826 519 864; x_wconf 87' lang='lat' dir='ltr'>Brutum</span> <span class='ocrx_word' id='word_1_82' title='bbox 566 831 769 865; x_wconf 89' lang='lat' dir='ltr'>matronae</span> <span class='ocrx_word' id='word_1_83' title='bbox 817 826 1028 873; x_wconf 82' lang='lat' dir='ltr'>Romanae,</span> <span class='ocrx_word' id='word_1_84' title='bbox 1078 826 1325 865; x_wconf 80' lang='lat' dir='ltr'>defensorem</span> 
     </span>
     <span class='ocr_line' id='line_1_13' title="bbox 126 889 1323 940; baseline 0.001 -13"><span class='ocrx_word' id='word_1_85' title='bbox 126 889 339 939; x_wconf 87' lang='lat' dir='ltr'>pudicitiae</span> <span class='ocrx_word' id='word_1_86' title='bbox 359 903 462 937; x_wconf 87' lang='lat' dir='ltr'>suae,</span> <span class='ocrx_word' id='word_1_87' title='bbox 485 890 597 940; x_wconf 87' lang='lat' dir='ltr'>quasi</span> <span class='ocrx_word' id='word_1_88' title='bbox 626 903 875 928; x_wconf 89' lang='lat' dir='ltr'>communem</span> <span class='ocrx_word' id='word_1_89' title='bbox 904 895 1057 940; x_wconf 83' lang='lat' dir='ltr'>patrem</span> <span class='ocrx_word' id='word_1_90' title='bbox 1082 904 1151 940; x_wconf 83' lang='lat' dir='ltr'>per</span> <span class='ocrx_word' id='word_1_91' title='bbox 1177 904 1323 928; x_wconf 89' lang='lat' dir='ltr'>annum</span> 
     </span>
     <span class='ocr_line' id='line_1_14' title="bbox 126 953 1325 1005; baseline 0.002 -14"><span class='ocrx_word' id='word_1_92' title='bbox 126 953 322 992; x_wconf 84' lang='lat' dir='ltr'>luxerunt.</span> <span class='ocrx_word' id='word_1_93' title='bbox 396 954 577 992; x_wconf 86' lang='lat' dir='ltr'>Valerius</span> <span class='ocrx_word' id='word_1_94' title='bbox 615 954 821 993; x_wconf 85' lang='lat' dir='ltr'>Publicola</span> <span class='ocrx_word' id='word_1_95' title='bbox 863 954 927 1005; x_wconf 81' lang='lat' dir='ltr'>Sp.</span> <span class='ocrx_word' id='word_1_96' title='bbox 969 954 1200 993; x_wconf 88' lang='lat' dir='ltr'>Lucretium</span> <span class='ocrx_word' id='word_1_97' title='bbox 1242 955 1325 994; x_wconf 90' lang='lat' dir='ltr'>Tri-</span> 
     </span>
     <span class='ocr_line' id='line_1_15' title="bbox 125 1018 1398 1070; baseline 0.002 -14"><span class='ocrx_word' id='word_1_98' title='bbox 125 1018 333 1068; x_wconf 84' lang='lat' dir='ltr'>cipitinum</span> <span class='ocrx_word' id='word_1_99' title='bbox 364 1018 553 1070; x_wconf 80' lang='lat' dir='ltr'>collegam</span> <span class='ocrx_word' id='word_1_100' title='bbox 583 1019 657 1057; x_wconf 90' lang='lat' dir='ltr'>sibi</span> <span class='ocrx_word' id='word_1_101' title='bbox 687 1019 788 1067; x_wconf 86' lang='lat' dir='ltr'>fecit,</span> <span class='ocrx_word' id='word_1_102' title='bbox 816 1019 1024 1058; x_wconf 85' lang='lat' dir='ltr'>Lucretiae</span> <span class='ocrx_word' id='word_1_103' title='bbox 1054 1024 1219 1070; x_wconf 87' lang='lat' dir='ltr'>patrem,</span> <span class='ocrx_word' id='word_1_104' title='bbox 1246 1033 1323 1070; x_wconf 92' lang='lat' dir='ltr'>quo</span> <span class='ocrx_word' id='word_1_105' title='bbox 1341 1035 1398 1068; x_wconf 90' lang='lat'>115</span> 
     </span>
     <span class='ocr_line' id='line_1_16' title="bbox 126 1083 1323 1135; baseline 0.002 -14"><span class='ocrx_word' id='word_1_106' title='bbox 126 1083 262 1121; x_wconf 90' lang='lat' dir='ltr'>morbo</span> <span class='ocrx_word' id='word_1_107' title='bbox 292 1088 459 1132; x_wconf 89' lang='lat' dir='ltr'>mortuo,</span> <span class='ocrx_word' id='word_1_108' title='bbox 481 1084 625 1122; x_wconf 87' lang='lat' dir='ltr'>iterum</span> <span class='ocrx_word' id='word_1_109' title='bbox 651 1084 864 1122; x_wconf 86' lang='lat' dir='ltr'>Horatium</span> <span class='ocrx_word' id='word_1_110' title='bbox 892 1083 1109 1122; x_wconf 88' lang='lat' dir='ltr'>Pulvillum</span> <span class='ocrx_word' id='word_1_111' title='bbox 1135 1084 1323 1135; x_wconf 84' lang='lat' dir='ltr'>collegam</span> 
     </span>
     <span class='ocr_line' id='line_1_17' title="bbox 126 1147 1324 1198; baseline 0.003 -13"><span class='ocrx_word' id='word_1_112' title='bbox 126 1147 200 1186; x_wconf 84' lang='lat' dir='ltr'>sibi</span> <span class='ocrx_word' id='word_1_113' title='bbox 234 1148 412 1198; x_wconf 88' lang='lat' dir='ltr'>sumpsit.</span> <span class='ocrx_word' id='word_1_114' title='bbox 474 1148 537 1186; x_wconf 88' lang='lat' dir='ltr'>Ita</span> <span class='ocrx_word' id='word_1_115' title='bbox 570 1149 742 1198; x_wconf 88' lang='lat' dir='ltr'>primum</span> <span class='ocrx_word' id='word_1_116' title='bbox 775 1162 900 1186; x_wconf 89' lang='lat' dir='ltr'>annus</span> <span class='ocrx_word' id='word_1_117' title='bbox 935 1148 1110 1198; x_wconf 85' lang='lat' dir='ltr'>quinque</span> <span class='ocrx_word' id='word_1_118' title='bbox 1145 1149 1324 1188; x_wconf 87' lang='lat' dir='ltr'>consules</span> 
     </span>
     <span class='ocr_line' id='line_1_18' title="bbox 126 1212 1322 1263; baseline 0.002 -13"><span class='ocrx_word' id='word_1_119' title='bbox 126 1212 277 1260; x_wconf 87' lang='lat' dir='ltr'>habuit,</span> <span class='ocrx_word' id='word_1_120' title='bbox 318 1226 407 1250; x_wconf 87' lang='lat' dir='ltr'>cum</span> <span class='ocrx_word' id='word_1_121' title='bbox 444 1212 682 1263; x_wconf 87' lang='lat' dir='ltr'>Tarquinius</span> <span class='ocrx_word' id='word_1_122' title='bbox 721 1212 941 1251; x_wconf 84' lang='lat' dir='ltr'>Collatinus</span> <span class='ocrx_word' id='word_1_123' title='bbox 981 1218 1141 1263; x_wconf 90' lang='lat' dir='ltr'>propter</span> <span class='ocrx_word' id='word_1_124' title='bbox 1179 1227 1322 1252; x_wconf 90' lang='lat' dir='ltr'>nomen</span> 
     </span>
     <span class='ocr_line' id='line_1_19' title="bbox 127 1276 1323 1328; baseline 0.002 -14"><span class='ocrx_word' id='word_1_125' title='bbox 127 1276 222 1315; x_wconf 85' lang='lat' dir='ltr'>urbe</span> <span class='ocrx_word' id='word_1_126' title='bbox 237 1277 426 1324; x_wconf 87' lang='lat' dir='ltr'>cessisset,</span> <span class='ocrx_word' id='word_1_127' title='bbox 442 1277 592 1315; x_wconf 87' lang='lat' dir='ltr'>Brutus</span> <span class='ocrx_word' id='word_1_128' title='bbox 612 1277 653 1315; x_wconf 92' lang='lat' dir='ltr'>in</span> <span class='ocrx_word' id='word_1_129' title='bbox 673 1277 821 1327; x_wconf 87' lang='lat' dir='ltr'>proelio</span> <span class='ocrx_word' id='word_1_130' title='bbox 843 1278 1019 1327; x_wconf 77' lang='lat' dir='ltr'>perisset,</span> <span class='ocrx_word' id='word_1_131' title='bbox 1036 1278 1103 1328; x_wconf 83' lang='lat' dir='ltr'>Sp.</span> <span class='ocrx_word' id='word_1_132' title='bbox 1117 1278 1323 1317; x_wconf 84' lang='lat' dir='ltr'>Lucretius</span> 
     </span>
     <span class='ocr_line' id='line_1_20' title="bbox 126 1341 1398 1380; baseline 0.002 -2"><span class='ocrx_word' id='word_1_133' title='bbox 126 1341 263 1379; x_wconf 86' lang='lat' dir='ltr'>morbo</span> <span class='ocrx_word' id='word_1_134' title='bbox 283 1346 462 1379; x_wconf 85' lang='lat' dir='ltr'>mortuus</span> <span class='ocrx_word' id='word_1_135' title='bbox 482 1347 597 1380; x_wconf 88' lang='lat' dir='ltr'>esset.</span> <span class='ocrx_word' id='word_1_136' title='bbox 1339 1358 1398 1380; x_wconf 91' lang='lat'>120</span> 
     </span>
    </p>
   </div>
   <div class='ocr_carea' id='block_1_3' title="bbox 126 1410 1397 1980">
    <p class='ocr_par' dir='ltr' id='par_1_3' title="bbox 126 1410 1397 1711">
     <span class='ocr_line' id='line_1_21' title="bbox 181 1410 1326 1462; baseline 0 -11"><span class='ocrx_word' id='word_1_137' title='bbox 181 1411 239 1452; x_wconf 94' lang='grc'>11.</span> <span class='ocrx_word' id='word_1_138' title='bbox 273 1410 455 1449; x_wconf 82' lang='lat' dir='ltr'>Secundo</span> <span class='ocrx_word' id='word_1_139' title='bbox 490 1424 647 1462; x_wconf 90' lang='lat' dir='ltr'>quoque</span> <span class='ocrx_word' id='word_1_140' title='bbox 681 1425 784 1450; x_wconf 86' lang='lat' dir='ltr'>anno</span> <span class='ocrx_word' id='word_1_141' title='bbox 818 1413 963 1450; x_wconf 85' lang='lat' dir='ltr'>iterum</span> <span class='ocrx_word' id='word_1_142' title='bbox 998 1412 1249 1462; x_wconf 85' lang='lat' dir='ltr'>Tarquinius,</span> <span class='ocrx_word' id='word_1_143' title='bbox 1281 1420 1326 1451; x_wconf 85' lang='lat' dir='ltr'>ut</span> 
     </span>
     <span class='ocr_line' id='line_1_22' title="bbox 127 1475 1323 1526; baseline 0.002 -13"><span class='ocrx_word' id='word_1_144' title='bbox 127 1475 364 1525; x_wconf 84' lang='lat' dir='ltr'>reciperetur</span> <span class='ocrx_word' id='word_1_145' title='bbox 414 1476 455 1513; x_wconf 90' lang='lat' dir='ltr'>in</span> <span class='ocrx_word' id='word_1_146' title='bbox 507 1489 683 1526; x_wconf 80' lang='lat' dir='ltr'>regnum,</span> <span class='ocrx_word' id='word_1_147' title='bbox 732 1476 880 1514; x_wconf 83' lang='lat' dir='ltr'>bellum</span> <span class='ocrx_word' id='word_1_148' title='bbox 931 1476 1122 1514; x_wconf 86' lang='lat' dir='ltr'>Romanis</span> <span class='ocrx_word' id='word_1_149' title='bbox 1175 1477 1323 1525; x_wconf 88' lang='lat' dir='ltr'>intulit,</span> 
     </span>
     <span class='ocr_line' id='line_1_23' title="bbox 126 1539 1326 1592; baseline 0.002 -15"><span class='ocrx_word' id='word_1_150' title='bbox 126 1539 318 1577; x_wconf 83' lang='lat' dir='ltr'>auxilium</span> <span class='ocrx_word' id='word_1_151' title='bbox 365 1540 399 1578; x_wconf 92' lang='lat' dir='ltr'>ei</span> <span class='ocrx_word' id='word_1_152' title='bbox 450 1540 603 1579; x_wconf 87' lang='lat' dir='ltr'>ferente</span> <span class='ocrx_word' id='word_1_153' title='bbox 655 1540 867 1587; x_wconf 87' lang='lat' dir='ltr'>Porsenna,</span> <span class='ocrx_word' id='word_1_154' title='bbox 918 1541 1082 1579; x_wconf 83' lang='lat' dir='ltr'>Tusciae</span> <span class='ocrx_word' id='word_1_155' title='bbox 1134 1554 1235 1592; x_wconf 84' lang='lat' dir='ltr'>rege,</span> <span class='ocrx_word' id='word_1_156' title='bbox 1286 1546 1326 1580; x_wconf 93' lang='lat' dir='ltr'>et</span> 
     </span>
     <span class='ocr_line' id='line_1_24' title="bbox 126 1604 1324 1656; baseline 0.002 -14"><span class='ocrx_word' id='word_1_157' title='bbox 126 1604 292 1642; x_wconf 86' lang='lat' dir='ltr'>Romam</span> <span class='ocrx_word' id='word_1_158' title='bbox 330 1618 453 1655; x_wconf 86' lang='lat' dir='ltr'>paene</span> <span class='ocrx_word' id='word_1_159' title='bbox 492 1605 605 1655; x_wconf 85' lang='lat' dir='ltr'>cepit.</span> <span class='ocrx_word' id='word_1_160' title='bbox 682 1605 830 1643; x_wconf 89' lang='lat' dir='ltr'>Verum</span> <span class='ocrx_word' id='word_1_161' title='bbox 877 1610 962 1643; x_wconf 83' lang='lat' dir='ltr'>tum</span> <span class='ocrx_word' id='word_1_162' title='bbox 1003 1618 1159 1656; x_wconf 88' lang='lat' dir='ltr'>quoque</span> <span class='ocrx_word' id='word_1_163' title='bbox 1199 1606 1324 1644; x_wconf 86' lang='lat' dir='ltr'>victus</span> 
     </span>
     <span class='ocr_line' id='line_1_25' title="bbox 126 1673 1397 1711; baseline 0.003 -4"><span class='ocrx_word' id='word_1_164' title='bbox 126 1673 194 1707; x_wconf 89' lang='lat' dir='ltr'>est.</span> <span class='ocrx_word' id='word_1_165' title='bbox 1340 1678 1397 1711; x_wconf 86' lang='lat'>¹25</span> 
     </span>
    </p>

    <p class='ocr_par' dir='ltr' id='par_1_4' title="bbox 126 1733 1327 1980">
     <span class='ocr_line' id='line_1_26' title="bbox 178 1733 1324 1785; baseline 0.003 -14"><span class='ocrx_word' id='word_1_166' title='bbox 178 1733 313 1771; x_wconf 87' lang='lat' dir='ltr'>Tertio</span> <span class='ocrx_word' id='word_1_167' title='bbox 351 1747 454 1772; x_wconf 86' lang='lat' dir='ltr'>anno</span> <span class='ocrx_word' id='word_1_168' title='bbox 493 1740 583 1784; x_wconf 88' lang='lat' dir='ltr'>post</span> <span class='ocrx_word' id='word_1_169' title='bbox 622 1747 732 1785; x_wconf 79' lang='lat' dir='ltr'>reges</span> <span class='ocrx_word' id='word_1_170' title='bbox 771 1740 929 1773; x_wconf 80' lang='lat' dir='ltr'>exactos</span> <span class='ocrx_word' id='word_1_171' title='bbox 964 1735 1204 1785; x_wconf 83' lang='lat' dir='ltr'>Tarquinius</span> <span class='ocrx_word' id='word_1_172' title='bbox 1238 1749 1324 1774; x_wconf 88' lang='lat' dir='ltr'>cum</span> 
     </span>
     <span class='ocr_line' id='line_1_27' title="bbox 126 1798 1322 1850; baseline 0.003 -14"><span class='ocrx_word' id='word_1_173' title='bbox 126 1798 270 1848; x_wconf 88' lang='lat' dir='ltr'>suscipi</span> <span class='ocrx_word' id='word_1_174' title='bbox 307 1811 387 1836; x_wconf 91' lang='lat' dir='ltr'>non</span> <span class='ocrx_word' id='word_1_175' title='bbox 424 1804 557 1849; x_wconf 90' lang='lat' dir='ltr'>posset</span> <span class='ocrx_word' id='word_1_176' title='bbox 589 1799 631 1836; x_wconf 88' lang='lat' dir='ltr'>in</span> <span class='ocrx_word' id='word_1_177' title='bbox 665 1813 840 1850; x_wconf 81' lang='lat' dir='ltr'>regnum,</span> <span class='ocrx_word' id='word_1_178' title='bbox 878 1813 1004 1850; x_wconf 86' lang='lat' dir='ltr'>neque</span> <span class='ocrx_word' id='word_1_179' title='bbox 1040 1801 1075 1838; x_wconf 92' lang='lat' dir='ltr'>ei</span> <span class='ocrx_word' id='word_1_180' title='bbox 1111 1801 1322 1848; x_wconf 89' lang='lat' dir='ltr'>Porsenna,</span> 
     </span>
     <span class='ocr_line' id='line_1_28' title="bbox 126 1863 1322 1914; baseline 0.003 -14"><span class='ocrx_word' id='word_1_181' title='bbox 126 1863 192 1913; x_wconf 90' lang='lat' dir='ltr'>qui</span> <span class='ocrx_word' id='word_1_182' title='bbox 222 1876 358 1912; x_wconf 79' lang='lat' dir='ltr'>pacem</span> <span class='ocrx_word' id='word_1_183' title='bbox 379 1876 467 1900; x_wconf 92' lang='lat' dir='ltr'>cum</span> <span class='ocrx_word' id='word_1_184' title='bbox 488 1864 676 1901; x_wconf 85' lang='lat' dir='ltr'>Romanis</span> <span class='ocrx_word' id='word_1_185' title='bbox 700 1864 856 1910; x_wconf 86' lang='lat' dir='ltr'>fecerat,</span> <span class='ocrx_word' id='word_1_186' title='bbox 879 1870 1098 1914; x_wconf 85' lang='lat' dir='ltr'>praestaret</span> <span class='ocrx_word' id='word_1_187' title='bbox 1119 1865 1322 1914; x_wconf 80' lang='lat' dir='ltr'>auxilium,</span> 
     </span>
     <span class='ocr_line' id='line_1_29' title="bbox 127 1926 1327 1980; baseline 0.003 -16"><span class='ocrx_word' id='word_1_188' title='bbox 127 1926 346 1965; x_wconf 85' lang='lat' dir='ltr'>Tusculum</span> <span class='ocrx_word' id='word_1_189' title='bbox 370 1940 410 1965; x_wconf 91' lang='lat' dir='ltr'>se</span> <span class='ocrx_word' id='word_1_190' title='bbox 433 1927 612 1973; x_wconf 83' lang='lat' dir='ltr'>contulit,</span> <span class='ocrx_word' id='word_1_191' title='bbox 637 1941 735 1978; x_wconf 84' lang='lat' dir='ltr'>quae</span> <span class='ocrx_word' id='word_1_192' title='bbox 756 1928 894 1966; x_wconf 84' lang='lat' dir='ltr'>civitas</span> <span class='ocrx_word' id='word_1_193' title='bbox 914 1942 994 1967; x_wconf 90' lang='lat' dir='ltr'>non</span> <span class='ocrx_word' id='word_1_194' title='bbox 1020 1929 1135 1980; x_wconf 80' lang='lat' dir='ltr'>longe</span> <span class='ocrx_word' id='word_1_195' title='bbox 1162 1931 1210 1968; x_wconf 81' lang='lat' dir='ltr'>ab</span> <span class='ocrx_word' id='word_1_196' title='bbox 1231 1931 1327 1969; x_wconf 88' lang='lat' dir='ltr'>urbe</span> 
     </span>
    </p>
   </div>
  </div>
 </body>
</html>
