1442 2199
401 114 609 147 EUTROPI
635 112 890 145 BREVIARII
915 113 961 144 II.
1234 114 1277 150 21

141 225 210 266 19.
242 223 476 274 Insequenti
514 236 628 270 anno,
655 222 814 261 Valerio
862 221 997 260 Marco
1036 225 1076 259 et
1114 219 1282 259 Otacilio

85 289 228 329 Crasso
257 288 494 336 consulibus,
527 288 567 326 in
599 287 732 326 Sicilia
760 302 782 325 a
810 287 999 325 Romanis
1028 299 1089 324 res
1118 298 1282 336 magnae
1295 293 1357 326 435

85 359 219 406 gestae
245 358 347 392 sunt.
406 353 744 398 Tauromenitani,
768 351 1002 391 Catinenses
1021 356 1062 389 et
1081 355 1283 401 praeterea

86 418 374 470 quinquaginta
389 418 570 456 civitates
585 417 626 454 in
643 416 761 455 fidem
777 424 968 467 acceptae.
1029 415 1163 453 Tertio
1180 428 1283 453 anno

86 484 127 522 in
154 483 287 522 Sicilia
309 487 447 521 contra
471 482 700 529 Hieronem,
722 494 853 532 regem
880 480 1112 528 Siculorum,
1134 479 1282 518 bellum

85 553 267 600 paratum
287 552 356 586 est.
417 547 456 585 Is
476 560 564 584 cum
585 546 692 584 omni
713 545 921 585 nobilitate
946 545 1282 595 Syracusanorum

85 626 219 664 pacem
241 626 263 651 a
283 612 472 650 Romanis
492 611 723 662 impetravit
738 610 928 660 deditque
944 610 1097 661 argenti
1113 609 1284 648 ducenta
1295 620 1359 650 440

86 678 246 717 talenta.
309 677 399 715 Afri
424 677 463 714 in
491 676 625 714 Sicilia
649 676 745 714 victi
770 680 873 723 sunt,
896 680 936 713 et
961 675 1009 713 de
1030 675 1090 712 his
1111 674 1282 713 secundo

86 743 235 781 Romae
254 741 544 792 triumphatum
566 746 635 779 est.

139 807 218 848 20.
251 806 400 855 Quinto
435 819 537 844 anno
570 806 687 856 primi
720 805 824 853 belli,
856 805 961 855 quod
995 810 1132 843 contra
1166 805 1282 843 Afros

85 874 306 923 gerebatur,
328 872 499 922 primum
520 871 688 909 Romani
710 870 751 909 C.
776 870 913 908 Duilio
939 874 978 908 et
1005 870 1074 909 Cn.
1100 869 1282 908 Cornelio

87 937 211 975 Asina
225 935 449 975 consulibus
464 936 506 973 in
520 936 619 973 mari
636 935 935 981 dimicaverunt,
952 935 1101 985 paratis
1116 935 1283 973 navibus
1295 944 1357 975 445

86 1001 277 1048 rostratis,
309 1014 404 1051 quas
438 1000 633 1039 Liburnas
663 1006 815 1038 vocant.
894 999 1042 1038 Consul
1077 999 1283 1038 Cornelius

85 1065 223 1104 fraude
275 1065 462 1115 deceptus
516 1070 584 1103 est.
671 1065 829 1103 Duilius
881 1064 1088 1102 commisso
1135 1064 1283 1115 proelio

86 1130 455 1181 Carthaginiensem
504 1129 644 1168 ducem
691 1129 797 1177 vicit,
847 1129 1012 1180 triginta
1069 1134 1108 1167 et
1164 1143 1280 1167 unam

85 1208 206 1233 naves
257 1194 371 1245 cepit,
420 1194 738 1244 quattuordecim
785 1195 933 1240 mersit,
977 1199 1127 1244 septem
1174 1194 1284 1232 milia

85 1259 260 1298 hostium
281 1259 394 1309 cepit,
417 1260 494 1297 tria
513 1259 622 1297 milia
642 1258 793 1297 occidit.
854 1258 994 1309 Neque
1018 1258 1097 1296 ulla
1117 1259 1284 1297 victoria
1295 1269 1358 1301 450

86 1323 274 1362 Romanis
300 1323 452 1374 gratior
476 1323 562 1370 fuit,
595 1323 712 1373 quod,
744 1323 883 1361 invicti
911 1329 1025 1369 terra,
1053 1323 1133 1373 jam
1163 1323 1281 1362 etiam

86 1389 184 1426 mari
204 1388 418 1438 plurimum
440 1393 610 1438 possent.

140 1452 182 1491 C.
222 1447 384 1502 Aqu‘i'lio
422 1452 539 1490 Floro
577 1451 620 1490 L.
661 1452 843 1502 Scipione
881 1452 1115 1500 consulibus,
1152 1452 1283 1503 Scipio

87 1517 286 1556 Corsicam
325 1522 365 1555 et
402 1516 626 1555 Sardiniam
664 1517 848 1561 vastavit,
880 1517 1007 1555 multa
1044 1517 1153 1555 milia
1189 1517 1282 1555 inde

87 1582 330 1632 captivorum
352 1581 531 1627 abduxit,
555 1581 802 1632 triumphum
823 1582 912 1632 egit.
1295 1592 1355 1624 453

140 1646 209 1688 21.
231 1646 285 1687 A.
317 1646 359 1685 L.
392 1646 543 1684 Manlio
572 1646 748 1684 Vulsone
777 1647 832 1684 M.
861 1646 987 1685 Atilio
1017 1647 1168 1698 Regulo
1197 1660 1283 1685 con-

86 1711 237 1750 sulibus
269 1711 418 1750 bellum
451 1711 493 1748 in
527 1710 701 1749 Africam
735 1710 972 1749 translatum
1005 1716 1073 1749 est.
1134 1711 1284 1750 Contra

89 1776 364 1823 Hamilcarem,
393 1775 783 1826 Carthaginiensium
813 1775 965 1821 ducem,
990 1776 1033 1813 in
1061 1776 1160 1814 mari
1188 1790 1284 1827 pug-

86 1845 235 1887 natum,
250 1840 456 1890 victusque
470 1844 540 1877 est.
580 1839 683 1877 Nam
700 1839 865 1889 perditis
878 1840 1082 1890 sexaginta
1095 1845 1283 1890 quattuor

87 1905 254 1943 navibus
281 1918 320 1943 se
346 1904 504 1954 recepit.
563 1904 733 1942 Romani
753 1904 895 1954 viginti
924 1904 1021 1942 duas
1050 1905 1278 1943 amiserunt.
1294 1907 1357 1945 460

86 1968 166 2006 Sed
199 1982 287 2007 cum
322 1969 362 2006 in
397 1969 571 2006 Africam
605 1969 850 2014 transissent,
882 1969 1047 2017 primam
1079 1968 1278 2019 Clypemn,
