1442 2199
158 124 204 160 18
477 120 684 153 Ev'rssol’l
711 120 964 152 BREVIARII
991 121 1036 152 Π.

155 243 247 268 mox
286 230 447 268 recessit
488 234 528 267 et
571 228 675 279 apud
721 229 858 277 Argos,
904 227 1092 267 Graeciae
1134 228 1348 275 civitatem,

155 295 303 333 occisus
324 300 394 332 cst.

214 359 281 400 15.
314 359 355 398 C.
380 358 504 397 Fabio
525 357 677 396 Licinio
698 357 740 396 C.
765 357 931 396 Claudio
956 357 1108 396 Canina
1127 356 1352 395 consulibus

172 433 279 471 T1-qaty
355 436 458 461 anno
486 422 594 460 urbis
622 421 802 461 conditae
829 422 1220 472 quadringentesimo
1246 434 1352 460 sexa-

79 505 144 536 410
161 467 301 531 iallietissy.
355 488 504 539 gesimo
523 488 650 537 primo
671 487 789 538 legati
806 487 1068 525 Alexandrini
1084 500 1106 525 a
1127 486 1353 525 Ptolemaeo

157 552 266 590 missi
293 552 461 591 Romam
484 565 625 590 venere
652 557 692 589 ct
721 565 743 589 a
771 551 959 590 Romanis
987 551 1212 598 amicitiam,
1235 563 1353 601 quam

156 617 362 667 petierant,
386 616 652 654 obtinuerunt.

212 681 280 722 16.
314 680 358 728 Q..
369 680 550 731 Ogulnio,
566 679 609 719 C.
624 680 747 719 Fabio
763 680 919 718 Pictore
933 680 1158 719 consulibus
1174 679 1354 718 Picentes

157 745 303 784 bellum
324 758 580 792 commovere,
603 750 643 783 et
662 745 711 783 ab
734 745 1035 795 insequentibus
1058 745 1282 783 consulibus
1309 744 1352 783 P.

81 826 144 860 415
172 810 390 860 Sempronio
421 810 495 860 Ap.
529 809 697 848 Claudio
726 810 820 847 victi
850 816 967 856 sunt;
997 815 1037 848 et
1061 809 1109 848 de
1133 809 1194 848 his
1217 809 1354 847 trium·

158 875 324 926 phatum
343 868 411 913 est.
468 874 662 913 Conditae
678 888 699 912 a
717 874 905 912 Romanis
921 874 1113 922 civitates,
1129 874 1353 913 Ariminum

157 940 199 978 in
219 939 358 987 Gallia,
382 946 422 977 et
442 939 717 977 Beneventum
738 939 778 976 in
800 938 970 977 Samnio.

213 1004 278 1046 17.
310 1003 364 1042 M.
395 1003 521 1042 Atilio
548 1003 700 1053 Regulo
726 1002 768 1041 L.
799 1003 908 1041 Julio
936 1003 1087 1042 Libone
1117 1003 1354 1049 consulibuS,

159 1069 389 1107 Sallentinis
419 1069 460 1106 in
490 1067 638 1119 Apulia
666 1067 812 1107 bellum
845 1067 1039 1106 indictum
1073 1074 1142 1114 est,
1174 1069 1356 1119 captique

83 1151 147 1182 420
159 1139 252 1172 sunt
280 1146 369 1172 cum
398 1133 559 1171 civitate
588 1132 704 1171 simul
733 1132 975 1181 Brundisini,
998 1139 1038 1171 et
1063 1132 1112 1171 de
1138 1133 1198 1171 his
1222 1133 1356 1172 trium-

160 1199 326 1250 phatum
347 1204 416 1236 est.

215 1263 283 1304 18.
318 1264 435 1300 Anno
455 1261 846 1320 quadringentesimo
867 1263 1156 1313 septuagesimo
1176 1263 1355 1313 septimo,

161 1338 282 1364 Census.
361 1341 449 1365 cum
471 1327 554 1377 jam
581 1326 729 1365 clarum
756 1328 864 1365 urbis
894 1327 1042 1365 Romae
1071 1340 1215 1366 nomen
1241 1334 1354 1376 esset,

161 1406 269 1431 arma
301 1397 434 1430 tamen
469 1397 581 1430 extra
615 1391 770 1430 Italiam
805 1397 914 1430 mota
946 1405 1024 1429 non
1060 1392 1224 1430 fuerant.
1297 1392 1358 1431 Ut

85 1472 147 1506 425
161 1458 283 1508 igitur
309 1462 619 1508 cognosceretur,
641 1470 741 1507 quae
765 1457 899 1507 copiae
923 1456 1193 1495 Romanorum
1213 1462 1356 1504 essent,

162 1535 300 1561 census
325 1527 385 1560 est
411 1521 583 1559 habitus,
640 1521 743 1559 Tum
767 1521 930 1559 inventa
951 1526 1043 1559 sunt
1063 1521 1206 1560 civium
1229 1522 1359 1573 capita

162 1587 333 1625 ducenta
357 1585 576 1635 nonaginta
601 1585 680 1623 duo
709 1585 828 1631 milia,
850 1590 1026 1624 trecenta
1054 1586 1221 1637 triginta
1248 1592 1358 1637 quat-

162 1656 261 1698 tuor,
308 1663 547 1700 quamquam
591 1663 614 1688 a
655 1650 816 1689 condita
862 1650 958 1688 urbe
1005 1663 1207 1701 nunquam
1256 1651 1358 1690 bella

163 1720 389 1754 cessassent.

89 1795 151 1827 430
216 1780 268 1818 Et
287 1784 424 1818 eontra
444 1779 562 1817 Afros
582 1778 727 1817 bellum
750 1782 974 1830 susceptum
996 1784 1055 1818 est
1074 1780 1257 1830 primum,
1280 1781 1354 1832 Ap.

163 1853 341 1911 Pmffirssxtvar.
364 1843 530 1882 Claudio
569 1843 612 1891 Q.
653 1843 795 1882 Fulvio
833 1844 1069 1882 consulibus.
1141 1844 1187 1882 In
1227 1845 1359 1884 Sicilia

164 1920 341 1947 ss.c.263-241
362 1913 500 1946 contra
534 1921 599 1945 eos
632 1913 853 1958 pugnatum
887 1913 956 1954 est,
993 1914 1032 1946 et
1061 1908 1136 1959 Ap.
1169 1909 1357 1948 Claudius

163 1973 211 2010 de
232 1972 340 2010 Afris
361 1978 401 2010 et
422 1985 510 2022 rege
531 1972 686 2010 Siciliae
709 1972 883 2011 Hierone
903 1973 1174 2023 triumphavit.
