1442 2199
154 119 200 154 12
470 116 679 148 EUTROPI
704 115 958 148 BREVIARII
985 116 1031 147 ΙΙ.

148 237 250 263 anno
266 224 499 262 Volscorum
519 224 732 271 civitatem,
751 237 851 274 quae
867 237 937 274 por
956 223 1207 274 septuaginta
1221 235 1345 262 annos

149 288 295 327 bellum
324 295 508 340 gesserat,
541 289 636 327 vicit
662 294 701 326 et
726 289 954 338 Aequorum
985 288 1121 326 urbem
1152 293 1193 326 et
1222 287 1346 326 Sutri-

74 366 300 401 240norum,
342 358 460 404 atque
498 366 633 392 omnes
673 352 813 391 delebis
853 352 1066 391 earundem
1107 351 1346 391 exercitibus

148 419 365 469 occupavit,
389 423 428 456 et
448 423 528 457 tres
548 417 662 456 simul
684 417 906 468 triumphos
927 418 1015 468 egit.

201 483 242 524 2.
276 483 317 521 Τ.
361 483 480 522 etiam
519 482 707 530 Quintius
751 482 1010 521 Cincinnatus
1054 482 1342 527 Praenestinos,

149 575 246 600 name
259 574 288 599 of
349 548 416 598 qui
443 561 568 598 usque
594 547 644 585 ad
671 547 779 585 urbis
805 547 955 585 Romae
980 552 1114 597 portas
1134 559 1222 585 cum
1242 545 1344 584 bello

147 609 198 634 “¹²³
211 609 295 633 Alm-
349 617 550 659 venerant,
574 617 802 663 persecutus
825 611 876 650 ad
899 612 1045 649 flumen
1067 611 1214 649 Alliam
1236 610 1343 657 vicit,

74 683 234 726 245octo
273 678 466 724 civitates,
511 690 610 727 quae
654 677 726 715 sub
769 676 865 727 ipsis
903 677 1083 727 agebant.
1156 674 1344 715 Romanis

146 742 345 793 adjunxit,
378 742 507 792 ipsum
542 741 754 780 Praeneste
788 754 992 792 aggressus
1026 741 1066 778 in
1099 739 1343 779 deditionem

147 807 306 858 accepit.
366 806 474 854 Quae
496 806 627 844 omnia
648 806 696 844 ab
717 818 762 844 eo
781 811 892 856 gesta
911 810 1004 843 sunt
1024 804 1167 855 viginti
1190 803 1342 851 diebus,

149 869 451 922 triumphusque
472 871 547 921 ipsi
568 870 760 909 decretus.

201 937 245 978 3.
276 936 427 975 Verum
447 935 622 987 dignitas
643 935 891 974 tribunorum
918 934 1149 973 militarium
1174 947 1250 973 non
1276 933 1344 972 diu

74 1016 135 1048 250
167 1031 299 1055 Restm,
346 1001 624 1052 perseveravit.
685 1000 790 1038 Nam
818 1006 909 1050 post
938 999 1187 1050 aliquantum
1215 998 1345 1037 nullos

148 1063 318 1122 tigsslgfilthe
349 1065 499 1117 placuit
533 1064 627 1111 fieri,
668 1070 708 1103 et
739 1064 1045 1115 quadriennium
1084 1064 1125 1102 in
1158 1064 1255 1102 urbe
1287 1063 1344 1101 ita

191 1131 266 1162 ΞΜΡ·
349 1130 477 1176 fluxit,
506 1135 551 1168 ut
577 1134 793 1180 potestates
820 1129 875 1167 ibi
901 1129 1068 1179 majores
1094 1141 1173 1167 non
1201 1134 1341 1167 essent.

148 1197 504 1246 Praesumpserunt
545 1199 679 1232 tamen
722 1194 872 1232 tribuni
915 1193 1106 1231 militares
1148 1192 1342 1231 consulari

146 1265 343 1312 potestate
377 1260 522 1298 iterum
561 1258 799 1309 dignitatem
837 1262 879 1296 et
915 1257 1088 1296 triennio
1125 1270 1344 1308 persevera-

74 1341 90 1362 2
96 1338 133 1372 55
147 1330 301 1365 verunt.
360 1325 514 1362 Rursus
535 1323 714 1362 eonsules
734 1323 836 1361 facti.

200 1391 243 1431 4.
277 1389 320 1428 L.
338 1389 515 1428 Genucio
536 1393 576 1427 et
592 1389 636 1436 Q.
656 1387 824 1426 Servilio
840 1386 1064 1426 consulibus
1084 1392 1264 1425 mortuus
1284 1392 1344 1425 est

147 1455 347 1495 Camillus.
416 1453 556 1492 Honor
575 1453 610 1491 ei
631 1457 720 1503 post
741 1452 954 1490 Romulum
975 1451 1168 1490 secundus
1188 1450 1343 1489 delatus

147 1525 215 1559 est.

201 1585 243 1626 5.
275 1584 319 1622 Τ.
356 1582 544 1630 Quintius
581 1582 752 1620 dictator
787 1581 973 1620 adversus
1012 1580 1157 1628 Gallos,
1191 1580 1258 1631 qui
1292 1580 1341 1618 ad

72 1655 311 1689 worm-quanm
346 1647 502 1685 Italiam
534 1651 734 1694 venerant,
765 1646 907 1684 missus
941 1651 1009 1683 est.
1080 1645 1132 1683 Hi
1165 1644 1213 1683 ab
1247 1645 1342 1682 urbe

168 1690 296 1749 ἰζ’ἒῗιςῖιξῗ.
345 1717 487 1762 quarto
508 1711 678 1749 miliario
705 1716 815 1749 trans
841 1710 1038 1748 Anienem
1065 1710 1229 1747 fluvium
1256 1722 1342 1748 con-

146 1777 339 1816 sederant.
418 1777 479 1814 Ibi
518 1776 785 1815 nobilissimus
819 1775 867 1814 de
901 1774 1148 1813 senatoribus
1184 1774 1342 1823 juvenis

146 1842 188 1880 L.
225 1841 400 1880 Manlius
434 1847 713 1892 provocantem
748 1839 907 1878 Gallum
942 1839 991 1877 ad
1029 1838 1226 1890 singulare
1265 1851 1342 1877 cer-

146 1912 279 1945 tamen
312 1919 540 1957 progressus
579 1905 732 1953 occidit,
775 1910 824 1950 et,
861 1904 1017 1942 sublato
1051 1909 1190 1954 torque
1224 1915 1342 1941 aureo

72 1977 131 2017 265
146 1971 322 2022 colloque
347 1984 417 2009 suo
441 1971 637 2021 imposito,
660 1970 699 2007 in
727 1973 962 2019 perpetuum
986 1968 1178 2018 Torquati
1203 1973 1243 2006 et
1266 1967 1340 2006 sibi
