1442 2199
434 115 642 148 EUTROPI
670 115 922 147 BREVIARJI
947 116 973 148 I.
1281 119 1303 154 5

109 227 150 261 et
180 223 416 271 Janiculum,
450 223 555 274 apud
589 224 732 262 ostium
767 224 921 263 Tiberis
954 224 1156 262 civitatem
1187 238 1304 275 supra

110 300 215 325 mare
244 293 356 326 sexto
386 278 538 327 ‹lecimo
567 288 737 327 miliario
765 289 813 326 ab
841 288 937 327 urbe
962 289 1089 327 Roma
1113 289 1299 328 condidit.

110 350 305 391 Vicesimo
326 357 366 391 et
385 357 526 403 quarto
547 366 650 390 anno
670 353 826 403 imperii
847 353 984 391 morbo
1006 353 1135 403 periit.

161 415 204 456 6.
248 416 403 455 Deinde
450 430 613 467 regnum
661 416 817 454 Priscus
861 417 1098 467 Tarquinius
1141 418 1300 468 accepit.

108 479 185 518 Hic
211 494 417 519 numerum
444 485 671 519 senatorum
697 481 926 531 duplicavit,
956 482 1101 520 circum
1125 490 1302 548 Tzlgrquinius
1318 491 1357 525 50

107 544 255 584 Romae
279 544 510 593 aedificavit,
542 545 655 583 ludos
686 545 885 584 Romanos
912 546 1099 593 instituit,
1148 531 1275 585 3ῗέῗὲῗὲ

107 609 174 659 qui
203 608 252 647 ad
282 615 456 648 nostram
487 610 716 648 memoriam
746 615 992 660 permanent.
1063 610 1171 648 Vicit
1196 610 1301 648 idem

107 674 225 712 etiam
247 673 415 713 Sabinos
431 679 470 712 et
485 688 564 712 non
585 688 723 724 parum
741 687 924 725 agrorum
941 674 1141 713 sublatum
1161 675 1301 713 iisdem

106 738 213 776 urbis
239 738 388 777 Romae
413 739 614 777 territorio
634 738 781 789 junxit,
804 739 1032 790 primusque
1053 740 1303 790 triumphans

105 803 241 841 urbem
271 803 445 841 intravit.
507 804 645 842 Muros
673 803 768 841 fecit
798 809 837 842 et
867 804 1027 850 cloacas,
1060 804 1300 854 Capitolium
1315 820 1353 853 55

104 867 315 906 inchoavit.
373 867 587 906 Tricesimo
617 873 756 906 octavo
786 869 943 919 imperii
972 882 1076 906 anno
1104 882 1175 919 per
1198 870 1300 908 Anci

107 931 204 970 filios
228 932 376 970 occisus
396 937 467 978 est,
490 932 592 983 regis
613 932 707 983 ejus,
732 933 793 970 cui
813 933 896 983 ipse
917 938 1162 972 successerat.

156 995 195 1039 7.
242 997 338 1035 Post
367 997 471 1035 hunc
500 997 662 1035 Servius
691 997 844 1035 Tullius
874 997 1047 1047 suscepit
1075 998 1296 1049 imperium,

102 1061 259 1111 genitus
290 1074 339 1099 ex
371 1061 493 1099 nobili
525 1061 681 1109 femina,
714 1062 870 1112 captiva
897 1066 1029 1100 tamen
1058 1067 1099 1100 et
1166 1071 1293 1129 {eff-ritis

103 1125 251 1163 ancilla.
294 1125 371 1163 Hic
392 1139 549 1176 quoque
571 1125 737 1164 Sabinos
757 1126 924 1176 subegit,
943 1130 1098 1165 montes
1164 1112 1216 1163 1³2.
1231 1113 1297 1167 Ξῗέ.
1312 1136 1354 1166 60

102 1194 194 1237 tres,
230 1189 483 1237 Quirinalem,
520 1189 773 1236 Viminalem,
809 1190 1070 1240 Esquilinum,
1107 1191 1197 1229 urbi
1236 1192 1300 1230 ad-

101 1254 245 1304 junxit,
271 1254 394 1292 fossas
414 1255 559 1292 circum
579 1267 736 1292 murum
757 1254 884 1293 duxit.
944 1255 1101 1293 Primus
1122 1256 1298 1294 omnium

101 1331 261 1356 censum
287 1319 497 1366 ordinavit,
521 1318 587 1368 qui
615 1319 741 1357 adhuc
767 1333 838 1369 per
861 1319 996 1357 orbem
1023 1324 1216 1358 terrarum
1243 1321 1301 1358 in-

101 1383 281 1433 cognitus
308 1387 401 1421 erat.
476 1383 557 1421 Sub
596 1397 641 1421 eo
674 1383 812 1429 Roma,
847 1384 1029 1422 omnibus
1062 1384 1104 1422 in
1137 1398 1298 1423 censum

101 1446 252 1494 delatis,
292 1447 433 1485 habuit
472 1447 601 1498 capita
638 1448 840 1498 octoginta
882 1448 959 1485 tria
1001 1448 1112 1486 milia
1153 1449 1297 1487 civium
1311 1458 1351 1497 65

100 1510 370 1549 Romanorum
394 1525 482 1549 cum
503 1511 574 1559 his,
598 1512 664 1561 qui
689 1512 730 1550 in
751 1512 854 1562 agris
876 1516 997 1550 erant.
1058 1512 1219 1552 Occisus
1239 1519 1298 1552 est

100 1575 243 1613 scelere
275 1576 408 1626 generi
443 1575 503 1613 sui
531 1575 722 1626 Tarquini
753 1575 933 1626 Superbi,
965 1576 1034 1614 filii
1065 1577 1149 1627 ejus
1181 1579 1295 1629 regis,

100 1639 163 1677 cui
177 1640 260 1689 ipse
276 1644 523 1686 successerat,
542 1646 581 1678 et
596 1640 709 1687 filiae,
728 1653 847 1690 quam
867 1640 1106 1691 Tarquinius
1126 1641 1298 1681 habebat

100 1716 274 1742 uxorem.

153 1767 198 1808 8.
230 1768 284 1808 A.
330 1767 373 1807 L.
414 1768 653 1818 Tarquinius
693 1768 907 1817 Superbus,
948 1770 1138 1820 septimus
1177 1776 1296 1822 atque
1311 1785 1352 1817 70

99 1831 262 1870 ultimus
289 1845 437 1883 regum,
466 1832 641 1880 Volscos,
663 1846 762 1883 quae
789 1847 884 1883 gens
910 1833 959 1872 ad
985 1834 1097 1873 Cam-
1119 1843 1298 1908 Ίέἶτὲὲῖιῃῑξε

99 1896 257 1946 paniam
294 1897 479 1934 euntibus
519 1910 598 1935 non
638 1897 754 1948 longe
794 1898 843 1935 ab
883 1898 980 1936 urbe
1022 1903 1092 1945 est,
1139 1912 1266 1938 B.c.534.

99 1959 204 2006 vicit,
227 1960 374 1998 Gabios
395 1961 595 1999 civitatem
617 1966 657 1999 et
677 1961 859 1999 Suessam
884 1962 1103 2001 Pometiam
1129 1963 1294 2014 subegit,
