1442 2199
104 92 127 128 8
430 91 637 123 EUTROI'I
663 91 916 123 BREVIARII
941 91 968 123 1.

33 203 172 246 13ocst‚
214 204 332 249 atquc
380 199 433 237 ibi
483 212 551 249 per
593 198 911 249 quattuordecim
955 212 1079 237 annos
1121 198 1298 249 privatus

103 276 190 301 cum
230 277 351 302 uxorc
385 263 601 302 consenuit.

157 327 307 376 Quarto
328 342 431 366 anno
452 334 541 378 post
566 341 675 378 reges
696 332 854 366 exactos
878 341 966 366 cum
993 326 1129 366 Sabini
1160 326 1298 365 Roma-

104 392 164 430 nis
197 393 343 431 bellum
379 393 618 441 intulissent,
648 393 742 430 victi
777 398 880 439 sunt,
915 397 956 430 et
988 391 1037 430 de
1071 391 1132 430 his
1164 391 1300 430 trium-

103 457 266 508 phatum
297 463 367 496 est.

33 535 88 568 ¹35
156 522 306 570 Quinto
345 535 448 561 anno
487 521 529 560 L.
570 521 753 560 Valerius
794 521 871 568 ille,
912 521 1026 559 Bruti
1073 520 1221 572 collega
1259 526 1299 560 et

102 591 242 637 quater
279 586 424 634 consul,
465 586 639 625 fataliter
676 590 856 624 mortuus
895 591 964 634 est,
1001 585 1098 624 adeo
1136 598 1295 636 pauper,

102 656 147 690 ut
193 651 345 690 collatis
388 665 411 690 a
456 651 602 702 populo
650 650 821 689 nummis
864 655 1066 701 sumptum
1114 649 1299 688 habuerit

102 716 336 767 sepulturae.
397 715 523 764 Quem
552 720 768 764 matronae,
795 715 911 754 sicuti
939 715 1119 763 Brutum,
1150 727 1297 753 annum

103 781 301 820 luxerunt.

32 860 89 890 140
157 846 224 887 12.
256 846 373 884 Nono
417 859 520 884 anno
563 850 652 896 post
694 858 804 896 reges
847 850 1006 884 exactos
1049 857 1137 883 cum
1178 857 1298 895 gener

103 919 235 978 mffsssslssr
300 910 492 961 Tarquini
531 910 581 948 ad
623 910 810 960 injuriam
852 909 976 948 soceri
1018 908 1295 947 vindicandam

113 972 244 1014 1³.c.501.'
301 975 503 1027 ingentem
524 974 745 1026 collegisset
768 974 996 1021 exereitum,
1019 987 1122 1012 nova
1147 973 1296 1012 Romae

101 1039 274 1090 dignitas
303 1046 362 1078 est
391 1045 530 1087 creata,
556 1052 656 1090 quae
685 1039 882 1077 dictatura
911 1038 1140 1089 appellatur,
1171 1037 1298 1088 major

101 1117 219 1154 quam
239 1104 476 1143 consulatus.
540 1104 685 1143 Eodem
707 1117 810 1142 anno
838 1103 958 1142 etiam
981 1103 1168 1154 magister
1191 1102 1297 1153 equi-

31 1180 87 1214 145
102 1174 187 1207 tum
220 1169 347 1207 factus
381 1174 452 1216 est,
487 1169 554 1220 qui
590 1168 774 1207 dictatori
805 1168 1095 1218 obsequeretur.
1154 1166 1296 1218 Neque

101 1234 310 1284 quicquam
335 1233 501 1272 similius
523 1238 653 1284 potest
673 1233 750 1271 dici
771 1246 889 1283 quam
914 1232 1110 1270 dictatura
1133 1231 1297 1282 antiqua

101 1298 192 1336 huic
215 1298 369 1349 imperii
393 1298 593 1349 potestati,
617 1311 735 1348 quam
755 1310 858 1335 nunc
878 1296 1146 1347 tranquillitas
1165 1301 1296 1335 vestra

102 1361 232 1410 habet,
267 1362 438 1400 maxime
477 1375 565 1400 cum
604 1362 810 1412 Augustus
848 1374 1005 1412 quoque
1043 1361 1294 1408 Octavianus,

101 1426 150 1465 de
179 1440 257 1477 quo
287 1432 424 1477 postea
453 1426 638 1473 dicemus,
671 1431 710 1464 et
739 1432 830 1465 ante
859 1439 949 1464 eum
979 1426 1020 1465 C.
1053 1425 1196 1464 Caesar
1222 1425 1295 1464 sub

31 1502 89 1535 150
101 1491 321 1530 dictaturae
346 1491 505 1529 nomine
530 1496 649 1541 atque
672 1490 821 1529 honore
844 1490 1106 1541 regnaverint.
1165 1490 1296 1529 Dicta-

101 1561 164 1594 tor
193 1561 326 1595 autem
354 1555 503 1594 Romae
533 1555 683 1605 primus
712 1555 790 1593 fuit
823 1554 866 1593 T.
905 1554 1074 1602 Larcius,
1109 1554 1296 1605 magister

101 1620 280 1671 equitum
300 1620 450 1670 primus
472 1619 536 1669 Sp.
560 1619 728 1657 Cassius.

157 1685 225 1726 13.
258 1684 381 1722 Sexto
415 1683 566 1722 decimo
600 1696 704 1721 anno
742 1688 831 1733 post
864 1696 973 1733 reges
1007 1690 1166 1721 exactos
1198 1682 1295 1721 sedi-

103 1749 251 1787 tionem
271 1748 440 1799 populus
461 1748 609 1785 Romae
634 1747 737 1795 fecit,
760 1753 949 1797 tanquam
971 1760 992 1784 a
1012 1752 1151 1785 senatu
1176 1752 1294 1797 atque

31 1824 88 1858 155
102 1813 329 1852 consulibus
363 1816 617 1863 premeretur.
689 1812 791 1850 Tum
825 1818 865 1850 et
897 1812 980 1862 ipse
1008 1811 1082 1849 sibi
1116 1811 1295 1850 tribunos

101 1878 238 1929 plebis,
273 1877 385 1928 quasi
414 1877 592 1927 proprios
621 1876 772 1927 judices
801 1881 841 1915 et
869 1875 1104 1924 defensores,
1135 1876 1293 1924 creavit,

102 1956 171 1993 per
186 1955 283 1992 quos
303 1946 439 1980 contra
458 1947 638 1979 senatum
659 1946 698 1978 et
719 1940 896 1979 consules
916 1944 1027 1978 tutus
1047 1952 1131 1978 esse
1150 1944 1282 1990 posset
