1442 2199
119 134 140 170 6
445 133 651 165 EUTROPI
677 134 932 166 BREVIARII
958 135 985 167 Ι.

117 254 201 279 cum
228 241 364 279 Tuscis
384 255 518 292 pacem
540 242 645 289 fecit,
668 246 707 280 et
727 242 920 292 templum
940 242 1035 281 Jovi
1055 243 1096 281 in
1117 241 1314 293 Capitolio

64 317 102 351 75
117 306 348 344 aedificavit.
423 306 566 344 Postea
603 306 777 345 Ardeam
816 299 1058 358 oppugnaris,
1096 307 1136 345 in
1175 312 1314 346 octavo

116 368 268 406 decimo
303 368 470 406 miliario
509 369 558 406 ab
592 369 689 407 urbe
729 369 854 407 Roma
892 370 1061 419 positam
1099 369 1312 413 civitatem,

117 432 325 483 imperium
366 432 548 483 perdidit.
622 433 727 471 Nam
766 447 853 471 cum
889 433 992 472 filius
1026 434 1123 484 ejus,
1159 439 1199 474 et
1224 434 1314 484 ipse

117 497 356 547 Tarquinius
380 497 527 546 junior,
560 497 843 536 nobilissimam
874 498 1062 537 feminam
1091 499 1314 537 Lucretiam

117 561 360 611 eandemque
388 561 693 611 pudicissimam,
721 561 907 600 Collatini
938 576 1114 611 uxorem,
1145 569 1316 614 stupras-

63 633 105 664 80
117 631 186 672 set,
233 639 354 676 eaque
400 625 449 664 de
492 626 642 676 injuria
683 627 826 665 marito
870 632 909 664 et
951 627 1054 677 patri
1099 632 1139 666 et
1180 627 1314 666 amicis

117 694 257 740 questa
298 690 448 737 fuisset,
498 691 539 728 in
587 691 764 729 omnium
812 697 1023 742 conspectu
1070 705 1110 730 se
1157 691 1312 730 occidit.

117 755 286 805 Propter
318 768 435 805 quam
469 768 627 793 eausam
665 755 825 801 Brutus,
861 769 1002 805 parens
1036 762 1076 794 et
1108 756 1191 807 ipse
1224 755 1316 794 Tar-

117 820 240 870 quini,
294 819 485 873 populum
537 820 751 858 concitavit
804 825 843 858 et
895 820 1111 870 Tarquinio
1167 820 1316 859 ademit

117 884 336 935 imperium.
398 883 447 924 Β.
478 883 576 922 Mox
599 884 798 922 exercitus
824 897 980 935 quoque
1010 898 1110 934 eum,
1135 886 1201 936 qui
1226 885 1314 924 civi-

64 954 104 995 85
118 953 240 987 tatem
273 948 448 987 Ardeam
481 962 569 986 cum
600 949 686 999 ipso
716 962 807 1000 rege
837 950 1100 1000 oppugnabat,
1132 950 1315 1001 reliquit:

118 1013 359 1064 veniensque
380 1013 429 1051 ad
456 1013 595 1051 urbem
620 1026 691 1052 rex
717 1013 842 1064 portis
868 1013 1010 1052 clausis
1036 1014 1217 1053 exclusus
1242 1021 1312 1061 est,

118 1091 285 1129 cumque
322 1078 554 1128 imperasset
587 1091 710 1117 annos
748 1084 937 1128 quattuor
973 1084 1014 1117 et
1042 1079 1196 1130 viginti,
1227 1091 1313 1118 cum

118 1156 242 1182 uxore
263 1148 302 1181 et
322 1142 456 1181 liberis
477 1143 557 1181 suis
583 1142 696 1194 fugit.
755 1142 818 1181 Ita
847 1143 996 1182 Romae
1021 1148 1228 1194 regnatum
1256 1148 1317 1182 est

56 1203 63 1208 ⁸
119 1222 189 1259 per
217 1213 368 1258 septem
397 1220 508 1259 reges
538 1207 651 1246 annis
681 1207 862 1246 ducentis
889 1207 1150 1259 quadraginta
1175 1208 1313 1255 tribus,

65 1289 107 1320 90
119 1287 207 1313 cum
222 1273 350 1311 adhuc
366 1273 502 1320 Roma,
520 1272 588 1311 ubi
604 1272 829 1323 plurimum,
847 1272 915 1310 vix
932 1285 1056 1323 usque
1067 1272 1118 1311 ad
1133 1273 1315 1323 quintum

119 1338 314 1377 decimum
336 1337 549 1375 miliarium
571 1336 801 1387 possideret.

172 1402 218 1444 9.
250 1401 356 1440 Hinc
385 1401 564 1439 consules
594 1414 765 1451 coepere,
796 1414 867 1451 pro
896 1414 975 1439 uno
1003 1414 1094 1453 rege
1123 1401 1214 1449 duo,
1243 1401 1316 1440 hae

119 1474 272 1540 Regffiic-
319 1479 435 1504 causa
455 1465 586 1512 creati,
608 1470 664 1513 ut,
687 1466 718 1503 si
739 1478 840 1504 unus
861 1465 987 1504 malus
1011 1479 1093 1504 esse
1113 1465 1314 1513 voluisset,

142 1543 266 1570 1³.c.509.
320 1530 420 1569 alter
443 1543 544 1578 eum,
569 1529 719 1568 habens
742 1535 981 1580 potestatem
1007 1530 1187 1577 similem,
1215 1537 1317 1569 coer-

65 1610 105 1643 95
119 1600 232 1634 ceret.
292 1595 344 1633 Et
363 1594 522 1645 placuit,
544 1608 593 1633 ne
616 1595 827 1645 imperium
847 1594 1004 1645 longius
1027 1608 1145 1645 quam
1169 1607 1316 1633 annum

119 1659 320 1706 haberent,
338 1671 387 1697 ne
407 1672 477 1709 per
492 1658 797 1696 diuturnitatem
818 1658 1026 1708 potestatis
1041 1657 1317 1697 insolentiores

119 1723 393 1770 redderentur,
428 1723 497 1761 sed
527 1722 661 1761 civiles
696 1735 848 1773 semper
883 1727 1023 1769 essent,
1057 1723 1123 1773 qui
1153 1735 1194 1761 se
1226 1728 1317 1773 post

119 1800 267 1826 annum
293 1787 441 1825 scirent
466 1787 621 1825 futuros
649 1799 731 1825 esse
752 1787 939 1837 privatos.
997 1786 1176 1825 Fuerunt
1195 1786 1318 1837 igitur

119 1865 222 1890 anno
250 1852 379 1902 primo
413 1851 463 1889 ab
496 1851 671 1901 expulsis
698 1851 855 1902 regibus
884 1851 1063 1889 consules
1091 1850 1134 1889 L.
1169 1850 1317 1890 Junius

49 1933 107 1956 100
119 1917 277 1963 Brutus,
299 1916 366 1966 qui
393 1916 564 1954 maxime
591 1921 735 1965 egerat,
759 1921 805 1953 ut
828 1915 1065 1966 Tarquinius
1092 1915 1314 1966 pelleretur,

119 1986 159 2019 et
196 1980 436 2030 Tarquinius
471 1979 702 2026 Collatinus,
744 1980 909 2017 maritus
950 1980 1164 2018 Lucretiae.
1237 1978 1316 2018 Sed
