1442 2199
138 122 158 156 4
464 119 670 151 EUTROPI
695 118 951 150 BREVIARII
977 118 1004 151 1.

134 225 319 265 ludorum
349 226 496 264 vicinas
526 226 613 264 urbi
649 226 796 265 Romae
829 226 1011 265 nationes
1045 233 1163 278 atque
1197 239 1330 265 earum

134 291 306 342 virgines
333 291 473 341 rapuit.
539 290 759 330 Commotis
789 290 904 329 bellis
935 297 1096 342 propter
1128 297 1331 341 raptarum

81 373 122 396 20
134 356 333 406 injuriam,
351 355 614 393 Caeninenses
628 355 734 403 vicit,
751 355 1025 403 Antemnates,
1043 355 1328 402 Crustuminos,

135 420 312 467 Sabinos,
347 419 571 465 Fidenates,
608 419 804 458 Veientes.
878 419 988 459 Haec
1022 420 1154 458 omnia
1187 419 1333 471 oppida

132 485 271 524 urbem
293 485 465 535 cingunt.
526 484 578 522 Et
598 497 698 530 cum,
720 490 806 523 orta
830 485 961 524 subito
982 490 1229 536 tempestate,
1251 497 1331 523 non

133 550 426 600 comparuisset,
459 562 562 587 anno
592 549 703 600 regni
732 549 931 588 tricesimo
960 550 1128 601 septimo
1157 549 1206 588 ad
1236 549 1331 588 deos

133 615 320 653 transisse
343 614 514 652 creditus
539 619 599 652 est
622 619 663 653 et
688 622 948 653 consecratus.
1007 614 1163 653 Deinde
1183 614 1331 653 Romae

80 695 119 729 25
133 693 202 731 per
232 680 373 731 quinos
407 679 490 717 dies
523 686 723 718 senatores
754 679 1059 730 imperaverunt,
1092 684 1132 718 et
1160 679 1221 718 his
1249 692 1332 731 reg-

133 745 319 783 nantibus
340 757 466 782 annus
486 757 589 782 unus
609 743 826 794 completus
847 748 916 783 est.

186 810 229 851 3.
271 809 414 847 Postea
446 808 579 847 Numa
611 808 831 860 Pompilius
864 821 935 847 rex
969 813 1122 847 creatus
1156 813 1225 856 est,
1261 807 1329 859 qui

183 886 280 924 Nufaa
331 869 479 912 bellum
500 873 660 923 quidem
680 873 831 911 nullum
853 873 985 924 gessit,
1007 873 1075 912 sed
1095 886 1175 911 non
1197 872 1329 911 minus

133 920 305 981 Pgigppigs.
332 938 485 976 civitati
525 952 642 989 quam
682 938 873 977 Romulus
911 938 1070 989 profuit.
1146 937 1248 976 Nam
1289 943 1329 977 et

79 1002 236 1053 301eges
260 1002 451 1040 Romanis
475 1016 681 1054 moresque
708 1004 928 1050 constituit,
951 1003 1018 1054 qui
1045 1002 1328 1042 consuetudine

130 1067 369 1118 proeliorum
395 1067 478 1118 jam
508 1067 680 1106 latrones
709 1081 752 1106 ae
783 1068 1038 1106 semibarbari
1071 1068 1324 1119 putabantur,

132 1136 171 1171 et
209 1145 356 1170 annum
397 1132 606 1183 descripsit
643 1132 684 1170 in
723 1132 857 1171 decem
896 1145 1050 1171 menses
1091 1133 1201 1183 prius
1242 1132 1327 1172 sine

129 1197 260 1247 aliqua
280 1197 562 1247 supputatione
584 1197 801 1244 confusum,
825 1202 865 1235 et
880 1197 1036 1236 infinita
1056 1197 1204 1235 Romae
1220 1210 1328 1236 sacra

130 1275 173 1300 ac
207 1261 354 1312 templa
387 1262 605 1300 constituit.
665 1262 806 1300 Morbo
833 1262 1002 1301 decessit
1027 1261 1326 1313 quadragesimo

77 1342 116 1376 35
130 1332 169 1365 et
189 1326 308 1365 tertio
328 1326 483 1376 imperii
504 1339 617 1365 anno.

183 1390 226 1431 4.
260 1390 365 1428 Huic
412 1391 598 1429 successit
644 1391 784 1429 Tullus
827 1391 1034 1430 Hostilius.
1112 1391 1188 1429 Hic
1225 1390 1327 1429 bella

129 1466 278 1526 Hggtlilsixgs
328 1455 536 1506 reparavit,
565 1455 742 1495 Albanos
768 1456 875 1504 vicit,
903 1456 972 1507 qui
999 1456 1048 1494 ab
1073 1456 1170 1494 urbe
1199 1455 1326 1494 Roma

145 1520 287 1561 1³.c.674.'
328 1520 561 1559 duodecimo
588 1521 757 1559 miliario
783 1526 887 1568 sunt,
911 1520 1098 1559 Veientes
1122 1525 1162 1558 et
1183 1519 1326 1559 Fiden-

127 1591 220 1633 ates,
239 1598 407 1636 quorum
428 1585 493 1623 alii
514 1590 626 1624 sexto
647 1585 815 1624 miliario
836 1586 980 1624 absunt
1000 1585 1049 1624 ab
1069 1585 1165 1623 urbe
1185 1584 1321 1633 Roma,

72 1666 115 1696 40
127 1650 193 1688 alii
222 1655 360 1689 octavo
387 1649 549 1698 decimo,
579 1650 682 1688 bello
712 1651 925 1700 superavit,
954 1649 1093 1688 urbem
1120 1648 1325 1700 ampliavit

125 1715 280 1765 adjecto
310 1713 443 1753 Caelio
472 1720 619 1753 monte.
679 1714 781 1754 Cum
810 1715 976 1765 triginta
1005 1720 1045 1752 et
1073 1713 1171 1752 duos
1200 1726 1323 1752 annos

127 1784 337 1831 regnasset,
369 1779 534 1817 fulmine
563 1779 664 1817 ictus
694 1793 782 1818 cum
813 1779 931 1817 domo
961 1791 1030 1817 sua
1059 1779 1166 1816 arsit.

179 1844 220 1885 5.
254 1844 351 1882 Post
371 1843 474 1882 hune
494 1844 628 1882 Ancus
650 1844 832 1891 Marcius,
852 1843 1006 1882 Numae
1022 1856 1071 1882 ex
1093 1842 1172 1880 filia
1187 1855 1321 1893 nepos,

147 1926 246 1950 Ancus
325 1908 498 1958 suscepit
537 1908 757 1958 imperium.
830 1908 981 1947 Contra
1014 1907 1177 1946 Latinos
1211 1906 1323 1945 dimi-

125 1959 260 1983 Murcius.
398 1973 405 1979 -
620 1973 626 1979 -
1003 1972 1010 1979 .
1045 1972 1052 1979 .
1123 1971 1130 1978 .
1232 1971 1240 1978 .
1292 1971 1300 1978 .

69 1987 110 2022 45
124 1993 257 2020 mmo,
323 1977 438 2021 eavit,
478 1973 722 2010 Aventinum
764 1977 940 2011 montem
978 1976 1132 2010 elvltatl
1174 1970 1323 2022 adjecit
